2779 5085
661 178 1222 284 ananum
1316 172 1975 273 vssnssoaun

2294 238 2408 298 171

277 374 491 435 index
515 414 536 449 ,
582 367 819 433 Matth.
862 384 960 429 123
989 369 1107 439 34..
1159 366 1323 431 Ora·-
1395 367 1556 428 ibid.
1639 365 1797 431 Eius
1856 390 2046 433 error
2103 372 2182 436 de
2227 396 2425 437 revo-

279 462 384 519 tio
432 455 707 537 simplex
764 452 1079 513 Hebraeis
1137 471 1322 532 saepe
1396 452 1644 512 latione
1711 462 2065 535 temporum
2143 461 2221 519 ab
2290 463 2428 520 Au-

287 540 713 622 comparandi
757 537 956 598 habet
999 537 1324 619 significa-

284 630 578 702 tionem,
624 623 787 684 ibid.

242 714 600 774 Oratorum
642 728 779 768 mos
830 706 992 766 alios
1039 706 1324 766 interro-

291 817 446 879 gare
490 804 554 854 et
596 812 747 852 mox
802 792 930 852 sibi
975 789 1326 873 responde-

292 904 416 956 re,
464 884 614 939 Act.
656 877 755 937 263
803 895 906 957 27.

248 925 451 1028 Orbis
517 973 838 1023 terrarum
904 969 1175 1020 vocatur
1222 959 1326 1019 Iu-

295 1051 483 1124 daea',
511 1047 706 1107 Hebr.
733 1066 785 1104 13
809 1045 870 1120 6,
895 1045 1096 1125 Apoc.
1114 1064 1138 1104 1
1156 1047 1325 1104 1:15.

247 1132 629 1194 Ordinandi
673 1129 895 1211 quales
940 1150 1078 1189 esse
1133 1128 1328 1188 debe-

1399 538 1654 617 gustiuo
1696 549 1993 617 notatus,
2037 543 2196 602 ibid.
2265 544 2428 639 Opi-

1400 623 1512 685 nio
1578 622 1655 681 de
1718 624 1966 703 piorum
2016 632 2315 706 praemiis
2362 638 2430 688 et

1398 705 1741 785 impiorum
1782 710 2117 788 suppliciis
2159 714 2433 772 difficul-

1401 801 1498 849 ter
1523 791 1846 872 colligitur
1875 814 1958 853 ex
1992 797 2194 877 ipsius
2219 799 2432 878 scrip-

1291 916 1296 923 .
1400 875 1530 951 tis,
1574 875 1736 935 ibid.

1361 959 1562 1039 Origo
1609 961 1936 1020 interdum
1982 965 2162 1024 valet
2205 967 2278 1025 in
2323 967 2439 1026 be-

1400 1044 1648 1103 neficiis
1715 1045 2229 1125 distribuendis,
2298 1071 2435 1109 non

1403 1137 1610 1187 autem
1671 1128 1744 1188 in
1804 1131 2065 1192 iudiciis
2118 1136 2430 1212 Divinis,

293 1228 441 1293 ant,
488 1225 554 1277 et
591 1215 748 1296 quid
784 1214 871 1272 sit
911 1212 1182 1273 officium
1219 1235 1324 1273 or·
1402 1212 1587 1271 Rom.
1632 1233 1690 1274 2:
1741 1234 1836 1276 11.

299 1302 670 1375 dinatoris,
715 1318 739 1358 1
791 1299 961 1358 Tim.
1000 1301 1062 1359 53
1110 1311 1212 1368 24.

1361 1296 1762 1358 Ornamenta
1845 1299 2184 1361 mulierum
2270 1323 2433 1363 vera

251 1385 714 1448 ordinationis
753 1384 920 1443 ritus
954 1383 1095 1462 quis
1128 1381 1328 1442 fuerit
1399 1402 1752 1461 quaenam,
1807 1403 1828 1444 1
1886 1384 2053 1444 Tim.
2096 1408 2153 1447 23
2201 1402 2278 1468 9.

297 1471 757 1552 Apostolorum
799 1467 966 1527 sicut
1011 1479 1077 1527 et
1119 1467 1322 1547 Syno-
1361 1466 1680 1526 Ornatum
1741 1487 1779 1525 a
1843 1471 2081 1528 mundo
2140 1471 2429 1530 mulieris

294 1495 401 1616 <lip
413 1552 942 1634 carthaginensis
996 1561 1324 1632 tempore,
1404 1550 1625 1610 Latini
1690 1552 2142 1632 distinguunt,
2207 1556 2434 1615 Graeci

303 1659 329 1698 1
384 1641 556 1700 Tim.
594 1654 656 1710 4.
707 1650 805 1708 14.
871 1635 1326 1697 Ordinationis
1402 1656 1533 1694 non
1579 1635 1777 1711 item,
1830 1653 1855 1697 1
1911 1639 2084 1702 Petr.
2136 1643 2192 1700 3:
2244 1645 2303 1700 3.

299 1725 596 1785 definitio
656 1729 722 1783 et
781 1728 1008 1797 ortus,
1075 1739 1102 1780 1
1156 1708 1328 1781 Tim.
1362 1719 1661 1799 Orpheus
1706 1741 1744 1778 a
1792 1720 2091 1781 Thressis
2148 1724 2436 1801 discerp-

295 1813 358 1870 5:
410 1829 512 1869 22.
597 1806 1061 1868 Ordinationes
1109 1826 1146 1864 a
1182 1825 1328 1884 pre-
1405 1814 1544 1880 tus,
1593 1806 1737 1865 Act.
1781 1809 1878 1868 233
1927 1826 2021 1866 ιο.
2088 1807 2242 1867 Eius
2289 1816 2433 1885 pust

291 1894 476 1953 cibus
512 1890 890 1972 auspicandi
927 1909 1175 1968 semper
1208 1910 1328 1948 ex·
1400 1898 1651 1969 tergum
1736 1891 2140 1971 respicientis
2207 1893 2434 1951 fabula

291 1978 577 2059 emplum
615 1977 744 2035 suis
779 1975 959 2035 dedit
996 1974 1325 2050 Christus,
1404 1994 1545 2032 cum
1626 1972 1902 2034 historia
1969 1977 2189 2037 uxoris
2260 1976 2435 2036 Loth

297 2063 504 2124 Marc.
550 2066 608 2123 3.
661 2065 758 2121 13.

1401 2068 1817 2138 comparata,
1866 2059 2023 2119 Luc.
2066 2082 2125 2141 93
2175 2060 2279 2120 62.

255 2147 439 2208 Ordo
505 2145 736 2206 fecisse
802 2142 1046 2204 dicitur
1070 2185 1091 2220 ,
1159 2142 1331 2221 qnod
1363 2141 1452 2202 Os
1501 2144 1751 2222 aperire
1791 2145 1950 2223 quid
1992 2146 2321 2225 significet
2367 2166 2440 2204 a·
2483 2132 2492 2137 ’

300 2253 452 2312 pars
513 2224 720 2290 maior
763 2228 1031 2303 fecerit,
1096 2226 1329 2288 Matth.
1401 2227 1532 2307 pud
1587 2226 1952 2298 Hebraeos,
1993 2231 2209 2290 2COr.
2246 2230 2304 2290 6:
2344 2249 2438 2289 11.

298 2316 553 2379 26:66.
641 2313 908 2374 Ordinis
979 2331 1328 2370 conserva-

296 2402 467 2460 tioni
502 2399 903 2481 praescripta
941 2397 1019 2456 ab
1056 2398 1329 2475 Aposto-

297 2485 427 2566 lis,
495 2493 842 2566 praecepta
892 2483 1052 2564 ipsis
1104 2482 1330 2542 Eccle-

298 2572 441 2631 siae
490 2569 719 2645 sociis,
768 2568 851 2627 ad
897 2569 1167 2627 salutem
1216 2588 1330 2626 ne-

299 2656 585 2714 cessaria
640 2674 755 2733 per
813 2674 880 2713 se
918 2673 1073 2712 11011
1134 2662 1326 2738 sunt,

301 2738 536 2803 Matth.
613 2741 886 2798 28:20.

297 2822 608 2905 temporis
663 2823 737 2882 in
792 2821 860 2881 S.
907 2821 1150 2888 Literis
1196 2843 1326 2882 non

297 2930 547 2989 semper
622 2905 961 2967 observari
985 2949 1005 2981 ,
1098 2906 1330 2986 Matth.

308 3009 401 3066 143
454 2997 514 3056 3.
576 2993 855 3053 Ordines
895 2989 1092 3050 'nobis
1139 3012 1328 3071 prop-

300 3088 400 3139 ter
439 3078 768 3138 Christum
803 3074 1112 3136 servandi
1143 3086 1329 3156 quot,

303 3163 469 3242 Eph.
511 3166 570 3223 5:
621 3182 723 3222 21.

261 3247 495 3308 Oriens
523 3248 761 3307 dicitur
784 3244 1104 3319 Christus,
1135 3242 1330 3303 Hebr.

303 3354 358 3408 7:
415 3347 528 3407 14,
593 3334 796 3409 Apoc.
850 3330 942 3391 163
1002 3348 1096 3389 12.
1183 3328 1328 3389 Ori-

303 3418 472 3477 entis
537 3427 755 3497 gentes
819 3416 1071 3495 qualem
1122 3413 1330 3473 hono-

299 3524 433 3562 rem
485 3501 764 3581 Regibus
797 3510 861 3560 et
902 3500 1046 3559 aliis
1081 3500 1151 3557 in
1191 3498 1330 3578 dig-

296 3588 506 3646 nitate
595 3586 820 3664 positis
886 3584 1327 3657 exhibebant,

299 3671 447 3732 Act.
499 3688 591 3729 103
652 3674 754 3729 25.
841 3669 1131 3729 Orientis
1196 3690 1329 3728 mos

297 3756 370 3815 in
411 3754 625 3812 aristis
651 3755 1066 3832 exterendis,
1123 3774 1145 3812 1
1178 3754 1328 3818 Cor.

295 3863 355 3920 9:
406 3841 469 3899 8.
557 3833 845 3896 Orientis
891 3838 1328 3898 Ecclesiarum

1406 2312 1556 2371 Oris
1602 2313 1866 2373 Domini
1922 2314 2196 2395 Spiritus
2244 2336 2433 2393 quam

1401 2407 1676 2476 potens,
1722 2418 1760 2459 2
1805 2397 2035 2458 Thess.
2065 2420 2121 2460 2.
2153 2403 2212 2458 8.
2282 2398 2433 2458 0118

1404 2491 1470 2540 et
1488 2482 1737 2568 aurium
1764 2484 2246 2559 convenientia,
2276 2484 2432 2542 Luc.

1411 2586 1463 2628 13
1509 2586 1609 2628 20.
1696 2568 1846 2628 Oris
1893 2568 2233 2630 effraenati
2281 2565 2434 2630 linis

1404 2652 1705 2728 miseria,
1755 2654 1889 2714 lac.
1940 2674 1987 2715 13
2028 2654 2128 2715 26.

1016 2701 1326 2797 Ordineni
1364 2736 1664 2796 Osculari
1700 2739 1984 2799 invicem
2021 2760 2155 2799 mos
2201 2738 2443 2799 Orien·-

1404 2822 1488 2879 tis
1553 2823 1980 2902 populorum,
2055 2844 2080 2883 1
2147 2825 2317 2884 Petr.
2372 2826 2435 2883 5:

1411 2918 1483 2975 14
1512 2952 1530 2982 ,
1611 2907 1758 2966 Act.
1827 2926 1925 2968 20:
2006 2928 2061 2968 1.
2169 2906 2441 2967 Oscula-

1403 2989 1642 3048 bantur
1691 2987 1969 3050 Hebraei
2015 3012 2281 3072 peregre
2325 2991 2441 3049 ad-

1403 3082 1790 3149 ventantes,
1843 3075 1997 3135 Luc.
2035 3097 2093 3155 7:
2137 3080 2243 3146 45.
2316 3075 2442 3134 Os-

1409 3158 1670 3216 culandi
1717 3175 1784 3217 se
1829 3159 2117 3220 invicem
2162 3179 2441 3217 consue-

1403 3242 1663 3301 tudines
1724 3249 1787 3301 et
1841 3264 2068 3304 causae
2117 3242 2283 3324 apud
2330 3243 2441 3301 ln-

1406 3328 1599 3387 daeos
1625 3337 1688 3387 et
1726 3326 2137 3388 Christianos
2160 3374 2176 3403 ,
2207 3326 2439 3387 Matnh.

1405 3413 1503 3473 263
1552 3426 1679 3493 49,
1730 3412 1914 3473 Rom.
1978 3415 2073 3475 16:
2131 3413 2225 3473 16.
2316 3413 2440 3471 Os-

1402 3499 1747 3557 culandum
1814 3498 2238 3560 inferioribus
2304 3519 2443 3557 1112-

1403 3604 1553 3642 num
1592 3584 1837 3643 dabant
1866 3586 2228 3663 superiores
2266 3584 2437 3662 apud

1405 3669 1632 3729 Persas
1680 3677 1746 3728 et
1784 3671 2052 3749 populos
2101 3669 2391 3729 Orientis
2418 3714 2436 3743 ‚

1412 3753 1591 3811 Rom.
1639 3752 1733 3813 163
1789 3753 1883 3813 16.
1959 3753 2442 3814 Oseulabantur

1405 3858 1472 3897 se
1522 3838 1802 3897 invicem
1853 3860 2039 3919 pares
2084 3837 2251 3919 apud
2297 3858 2446 3897 eos-

293 3924 668 3984 institutum
731 3922 807 3981 de
862 3922 1027 3982 sesto
1077 3923 1327 3983 Nativi-
1407 3923 1589 3997 dem,
1640 3920 1795 3982 ibid.

294 4010 448 4068 tatis
522 4007 789 4066 Domini
817 4052 836 4081 ,

914 4006 1075 4066 Luc.
1142 4029 1199 4069 2:
1270 4010 1332 4068 8.
1365 4006 1668 4068 Osculum
1718 4008 2041 4086 quodnam
2096 4005 2275 4088 pacis
2327 4028 2446 4064 no·-

298 4094 736 4154 Orientalium
784 4093 1151 4171 linguarum
1216 4115 1326 4153 an·
1407 4095 1579 4152 mine
1666 4094 2081 4173 appellabant
2168 4092 2441 4151 Veteres

296 4181 546 4259 gustia,
599 4178 832 4239 Matth.
879 4196 978 4237 22:
1025 4189 1126 4247 24.

1407 4178 1813 4256 Christiani,
1885 4178 2114 4237 Matth.
2160 4178 2260 4238 263
2312 4191 2392 4257 49
2421 4220 2442 4252 ,

257 4264 569 4343 Origenes
635 4262 913 4322 credidit
970 4262 1326 4320 animarum
1410 4262 1587 4322 Rom.
1621 4264 1715 4321 163
1751 4263 1847 4321 16.
1892 4262 2202 4323 Osculum
2234 4263 2444 4322 Sanc-

295 4350 906 4427 praeexistentiam,
960 4345 1187 4407 Matth.
1227 4347 1323 4403 25
1403 4357 1578 4423 tum,
1625 4346 1786 4405 ibid.
1842 4348 2186 4422 Osculum,
2239 4347 2444 4406 dilec-

290 4433 397 4503 46.
459 4432 510 4492 Α
560 4432 812 4506 Rulllno
861 4433 1324 4513 interpolatus,

1404 4432 1602 4492 tionis
1652 4432 1905 4514 signum
1950 4435 2118 4550 apud
2166 4392 2440 4492 ludaeos

2196 4535 2200 4540 ·
2372 4527 2438 4572 et
