2779 5085
358 226 484 289 234
1187 197 1715 262 INDEX

844 362 927 422 T.
1385 396 1397 409 -
1501 354 1671 435 apud
1716 376 1939 419 omnes
1988 366 2254 439 gentes,
2300 360 2534 425 Mattb.

1501 443 1561 501 5:
1612 446 1714 503 58.
1803 442 1959 503 Eius
2007 446 2335 524 aequitas,
2386 448 2530 510 1011.

346 532 690 593 Tabernae
728 549 964 589 nomen
1003 526 1221 587 multis
1258 525 1420 587 locis
1506 525 1600 584 163
1675 546 1771 587 ιι.
1877 528 2035 588 Eius
2117 534 2290 610 leges
2355 532 2530 597 inter

389 619 462 675 iu
504 617 790 674 Romano
827 614 1097 691 imperio
1137 633 1419 673 commu·
1501 609 1907 671 Christianos
1969 614 2240 673 retineri
2302 637 2526 694 posse,
2570 604 2575 615 ⁸

259 743 285 765 .
384 722 511 773 ne,
559 711 624 758 et
666 718 818 773 cur,
873 700 1020 758 Act.
1066 702 1164 757 28:
1223 701 1319 757 15.
1500 695 1732 755 Matth.
1772 701 1832 757 5·
1879 702 1980 777 59.
2049 697 2205 758 Eius
2243 699 2350 758 lex
2393 701 2532 761 Mo-

341 782 867 844 Tabernaculum
929 804 1042 861 pro
1095 802 1366 862 corpore
1397 825 1414 853 ‚
1498 781 1672 840 saica
1706 802 1815 858 per
1845 784 2196 861 patientiae
2225 804 2533 865 praecep-

395 868 587 929 Hebr.
633 888 692 948 9:
751 887 812 926 ιι
843 912 861 941 ,
912 886 948 926 2
995 868 1167 925 Petr.
1220 886 1269 935 ιε
1324 870 1418 927 15.
1493 874 1629 924 tum
1693 865 1940 925 Christi
1995 888 2126 926 non
2178 869 2529 948 abrogatur

385 955 513 1014 Pro
539 952 1053 1025 habitaculis,et
1080 952 1417 1023 cur,Luc.
1494 950 1606 1009 sed
1667 953 2136 1026 confirmatur,
2202 953 2364 1011 ibid.
2423 955 2526 1016 63.
2620 1016 2628 1025 ,

387 1040 483 1098 163
535 1059 612 1116 9,
678 1038 821 1095 Act.
866 1040 925 1096 5:
984 1036 1077 1095 16.
1167 1036 1414 1094 Taber-
1498 1034 1795 1093 Talionis
1864 1056 2069 1114 poena
2132 1036 2336 1095 iudici
2393 1038 2528 1096 dis-

380 1125 685 1182 naculum
733 1121 853 1179 Dei
895 1129 1217 1180 vocantur
1261 1119 1416 1177 Hie-
1492 1119 1681 1178 triete
1709 1119 2060 1199 imperata,
2089 1119 2524 1193 Matth.5:40.

279 1224 284 1231 ⁴
377 1205 801 1285 rosolymitae
852 1213 1144 1278 veteres,
1213 1204 1412 1282 Apoc.
1490 1201 1641 1262 Eius
1687 1203 1828 1264 iure
1874 1226 2005 1264 non
2053 1207 2351 1265 utebatur
2397 1207 2527 1269 lae-

388 1291 603 1352 1536.
691 1290 1211 1348 Tabernaculum
1280 1297 1410 1347 tes·
1489 1308 1593 1345 sus
1641 1287 1767 1345 nisi
1813 1290 2200 1351 auctoritate
2244 1290 2522 1369 iudicis,

372 1374 631 1433 timonii
674 1373 842 1431 unde
886 1373 1163 1446 dictum,
1211 1371 1412 1449 Apoc.
1488 1370 1649 1429 ibid.
1695 1375 1796 1433 58.

385 1463 479 1517 153
518 1461 579 1518 5.
644 1457 1167 1516 Tabernaculum
1212 1457 1410 1517 Musis
1450 1456 1746 1535 Tangere
1820 1477 1939 1537 pro
2006 1455 2254 1533 ferire,
2324 1457 2529 1521 Hebr.

374 1543 502 1602 suit
541 1543 886 1621 magnilica
915 1540 1408 1612 Deihabitatio
1498 1544 1760 1601 11:28.
1849 1541 2145 1621 Tangere
2202 1544 2524 1622 cadaver,

378 1628 583 1723 Apoc.
606 1645 702 1685 213
720 1630 781 1687 5.
829 1624 982 1684 Eius
1008 1626 1171 1685 duae
1196 1634 1409 1706 partes
1485 1624 1802 1703 impurum
1849 1626 2161 1687 reddebat
2204 1629 2371 1707 apud
2418 1629 2528 1689 lu·-

377 1711 752 1791 potissimae
825 1710 1136 1785 fuerunt,
1216 1709 1411 1769 Hebr.
1493 1709 1728 1782 daeos,
1780 1709 2008 1769 Matth.
2048 1716 2106 1772 8.
2156 1731 2255 1772 22.
2346 1713 2525 1775 Tan-

375 1817 435 1876 9:
502 1800 582 1856 2.’
652 1788 892 1854 Habuit
953 1797 1081 1855 tria
1140 1796 1406 1867 aulaea,
1485 1814 1638 1873 gere
1671 1795 1884 1872 potuit
1911 1795 2206 1856 Christus
2237 1798 2527 1873 leprosos

379 1881 606 1942 Matth.
631 1897 728 1976 273
751 1882 854 1940 51.
905 1878 1193 1960 Figuram
1213 1879 1411 1960 gessit
1486 1886 1552 1938 et
1572 1888 1859 1938 mortuos
1881 1882 2067 1943 salva
2092 1883 2257 1961 lege,
2278 1881 2440 1942 ibid.
2460 1887 2526 1959 5,

372 1964 719 2037 universi,
791 1963 986 2023 Hebr.
1055 1984 1113 2042 7:
1176 1982 1259 2039 2,
1322 1966 1407 2037 5,
1486 1985 1545 2040 9:
1595 1958 1697 2023 25.

374 2071 435 2130 9:
507 2063 605 2119 24.
694 2040 1135 2108 Tabernaculi
1203 2057 1408 2107 struc-
1447 2048 1689 2106 Tarsus
1735 2047 1844 2107 ubi
1894 2047 2062 2123 sita,
2110 2057 2177 2108 et
2217 2069 2254 2107 a
2294 2049 2521 2129 quibus

375 2144 527 2192 tura
554 2131 723 2191 unde
749 2142 930 2208 erat,
979 2154 1000 2193 1
1037 2135 1276 2193 Cor.3:
1319 2152 1411 2191 12.
1485 2131 1790 2206 condita,
1841 2134 1989 2192 Act.
2036 2153 2138 2194 2ι3
2185 2136 2287 2212 59.
2376 2133 2521 2194 Νοιι

321 2262 326 2269 -
378 2219 608 2278 Cultus
647 2218 785 2277 eius
813 2218 1071 2296 quando
1106 2216 1412 2276 concide·
1486 2226 1628 2276 erat
1655 2217 1939 2291 colonia,
1967 2217 2078 2276 sed
2110 2218 2258 2275 urbs
2290 2217 2523 2292 libera,

376 2304 508 2376 rit,
564 2301 759 2360 liebr.
804 2323 862 2380 9:
912 2305 972 2366 8.
1195 2293 1204 2300 ⁴
1485 2300 1704 2359 multis
1737 2301 2100 2382 privilegiis
2130 2302 2209 2359 ab
2235 2302 2522 2381 Augusto

301 2386 939 2449 =Tabernaculorum
1020 2383 1256 2444 festum
1339 2384 1410 2443 in
1485 2394 1551 2444 et
1627 2386 1916 2445 Antonio
2002 2386 2289 2460 donata,
2370 2389 2522 2446 Act.

377 2472 550 2551 quod
586 2472 742 2530 anni
774 2480 1019 2549 tempus
1049 2470 1408 2545 incidebat,
1490 2487 1587 2528 223
1639 2471 1739 2527 28.

379 2558 536 2618 Luc.
577 2556 636 2615 6:
697 2576 748 2614 1.
835 2554 1171 2626 Quomodo
1214 2575 1406 2613 voce·
1446 2538 1723 2610 Tartara
1766 2549 2007 2610 dicitur
2045 2552 2220 2630 quod
2255 2551 2325 2611 in
2364 2573 2525 2631 qua-

373 2651 527 2713 tur,
590 2640 768 2709 ibid,
834 2639 975 2697 Ioh.
1024 2657 1079 2709 7:
1130 2636 1190 2693 6.
1269 2638 1407 2695 Ta·
1482 2655 1603 2714 que
1647 2656 1717 2693 re
1762 2635 2052 2693 infimum
2089 2646 2227 2712 est,
2269 2656 2303 2695 2
2346 2637 2524 2698 Petr.

374 2723 873 2783 hernaculorum
902 2720 1146 2779 Christi
1173 2719 1404 2780 festum
1488 2739 1542 2779 2:
1580 2741 1641 2799 9.
1701 2721 1981 2779 Tartara
2006 2722 2522 2784 ..Daemoniorum

375 2806 586 2886 quod,
635 2804 797 2864 ibid.
1261 2843 1266 2848 -
1488 2825 1710 2863 carcer
1782 2804 1866 2863 ad
1924 2815 2177 2886 tempus
2244 2807 2521 2885 iudicii,

341 2891 632 2952 Tabulae
657 2889 900 2949 sederis
920 2898 1254 2968 praecepta
1281 2912 1410 2956 me-
1493 2889 1648 2947 Luc.
1695 2891 1753 2949 8:
1803 2892 1908 2949 51.
2564 2893 2567 2898 ’

373 2976 540 3037 liora
609 2974 852 3033 Christi
921 2976 998 3034 de
1062 2975 1410 3034 dilectione
1447 2974 1761 3033 Tatianus
1810 2994 1925 3034 cur
1969 2973 2047 3033 ab
2096 2971 2380 3032 Ecclesia
2418 2996 2524 3033 re-

379 3059 787 3142 significant,
830 3058 1029 3118 Hebr.
1064 3080 1121 3137 9:
1155 3074 1217 3129 4.
1281 3061 1407 3119 Ta·
1491 3060 1731 3128 iectus,
1775 3057 1955 3116 Rom.
2003 3074 2094 3128 14:
2133 3078 2189 3117 2.
2258 3059 2522 3120 Tatiani

378 3147 568 3205 bulae
639 3143 826 3224 Legis
895 3144 1215 3204 Mosaicae
1279 3166 1408 3203 non
1491 3142 1912 3221 Euangelium
1960 3140 2064 3206 διαὶ
2111 3138 2408 3223 τεσσάρων
2454 3153 2522 3203 et

375 3232 672 3309 integrae
735 3237 987 3287 tantum
1049 3236 1114 3287 et
1161 3250 1409 3301 novae,
1486 3225 1592 3292 διαὶ
1648 3228 1832 3292 πέντε
1900 3229 1976 3285 ab
2047 3227 2194 3284 aliis
2244 3249 2361 3285 cur
2404 3249 2527 3288 vo-

382 3315 497 3374 sed
534 3323 599 3373 et
624 3313 979 3372 fractarum
1010 3313 1361 3391 reliquiae
1344 3333 1410 3370 ιιι
1488 3323 1708 3384 cetur,
1765 3311 1992 3374 Matth.
2037 3312 2332 3390 inscript.

381 3418 534 3457 arca
568 3395 867 3456 conditae
908 3397 1210 3469 fuerunt,
1251 3398 1412 3457 ibid.
1449 3397 1765 3457 Tauricae
1811 3398 2061 3455 Dianae
2099 3397 2518 3456 simulacrum
2554 3408 2558 3414 '

382 3481 779 3541 Tabularum
811 3479 939 3541 vox
957 3481 1284 3561 significat
1304 3503 1411 3542 co·
1486 3481 1667 3540 coelo
1712 3469 2038 3558 delapsum
2088 3481 2516 3557 credebatur,

381 3569 592 3628 dicem
658 3566 901 3645 accepti
966 3576 1031 3625 et
1095 3568 1410 3645 expensi,
1490 3566 1637 3625 Act.
1687 3584 1781 3646 193
1831 3569 1934 3625 55.

386 3652 548 3711 Luc.
579 3650 671 3711 163
702 3650 762 3708 6.
809 3650 1091 3713 Tabulas
1121 3651 1412 3729 publicas
1448 3652 1696 3730 Tegere
1758 3651 2030 3708 aliorum
2088 3660 2356 3729 peccata
2413 3648 2524 3711 vir

378 3736 856 3796 successionum
895 3753 1152 3795 suarum
1192 3736 1410 3797 Iudaei
1486 3735 1741 3813 sapiens
1787 3735 2062 3811 dicitur,
2108 3736 2241 3795 Iac.
2273 3740 2334 3795 5:
2375 3754 2475 3794 20.

385 3820 789 3895 habuerunt,
843 3820 996 3878 Luc.
1043 3824 1099 3881 53
1147 3825 1248 3881 25.
1449 3821 1612 3879 Tela
1691 3828 2009 3879 ‘vocantur
2082 3820 2518 3899 metaphorice

340 3907 665 3966 Tacentes
707 3905 776 3963 in
821 3906 1154 3986 criminum
1204 3907 1412 3965 causis
1489 3900 1706 3966 omnia
1767 3924 1927 3981 quae
1987 3913 2261 3977 nocent,
2313 3905 2519 3981 Apoc.

386 3990 686 4050 damnari
756 4011 887 4049 non
951 4001 1218 4069 possunt
1285 3992 1411 4050 nisi
1488 3990 1547 4050 6:
1600 4009 1660 4049 2.
1748 3988 1909 4047 Tela
1962 3992 2260 4068 praevisa
2309 3988 2515 4046 minua

383 4074 675 4147 convicti
713 4075 1093 4134 certissimis
1127 4075 1413 4135 testimo·
1490 4081 1769 4147 nocent,
1817 4072 1968 4131 Luc.
2002 4090 2094 4144 14:
2127 4077 2245 4151 28,
2283 4070 2517 4131 2Tim.

385 4158 831 4230 niis,Mat1h.
877 4174 1127 4238 27:14.
1491 4163 1547 4219 5·
1605 4178 1675 4231 1,,
1725 4159 1926 4232 Apoc.
1976 4176 2028 4217 23
2088 4177 2180 4217 ιο.

343 4202 591 4303 Taenia
634 4244 788 4319 quid
833 4245 954 4316 sit,
986 4253 1051 4302 et
1078 4244 1186 4303 ubi
1212 4243 1406 4306 soleat
1450 4202 1721 4322 Templa
1766 4244 2198 4301 Daemonibus
2242 4237 2519 4319 primum

385 4350 568 4401 esse,
620 4329 767 4387 Act.
812 4348 910 4408 273
960 4345 1059 4398 41·
1378 4394 1389 4400 ,
1491 4330 1744 4400 dicata,
1791 4338 1858 4387 et
1903 4347 2059 4400 cur,
2118 4328 2263 4386 Act.
2307 4344 2366 4402 7·
2412 4328 2521 4394 45.

346 4411 645 4474 Talionis
722 4412 819 4471 ius
903 4410 1408 4492 antiquissimum
1491 4412 1759 4492 Templa
1842 4412 1925 4470 in
1994 4410 2319 4471 montibus
2396 4411 2525 4480 sita

2339 4514 2523 4553 mon-
