2779 5085
622 226 1009 308 RERUM
1096 268 1193 305 m-
1278 229 1929 312 vasconum.

211 406 393 487 mft,
462 409 597 467 vim
653 427 902 486 quoqne
950 426 1066 467 suo
1112 415 1273 464 tem-

223 518 394 577 pore
441 496 891 571 adempturus,
935 510 971 551 2
1018 492 1187 549 Tim.
1221 511 1270 550 1:

233 601 344 640 io.
433 579 608 638 Mors
676 577 940 634 Christo
992 578 1272 633 subiecta

228 668 510 723 alteram
596 662 992 719 oblationem
1056 660 1274 717 exclu-

229 752 380 821 dit,
451 748 645 805 Hebr.
701 763 793 803 101
855 749 948 804 13.
1057 745 1275 801 Mortis

233 842 681 910 contemptum
734 828 888 907 quid
935 839 1273 905 operetur,

234 917 447 976 Hebr.
516 926 725 992 7:219.
838 912 1063 970 Mortis
1128 933 1277 971 suae

237 1004 416 1060 diem
465 1002 710 1057 instare
759 997 869 1074 qui
919 997 1275 1068 sciverint,

236 1106 281 1144 2
332 1088 508 1144 Petr.
561 1105 613 1143 1:
671 1095 766 1150 14.
881 1081 1107 1140 Mortis
1181 1101 1276 1139 se-

242 1171 501 1228 cundae
569 1167 808 1225 mentio
873 1167 1063 1224 etiam
1116 1165 1279 1243 apud

241 1254 613 1323 Rabbinos,
647 1252 848 1330 Apum
875 1264 971 1309 20:
1001 1250 1057 1307 6.
1111 1250 1276 1306 Mor-

242 1341 298 1396 ti
389 1338 774 1413 sapientiam
881 1333 1279 1413 Porphyrius

2244 276 2360 340 159

1344 402 1502 468 teris
1549 412 2036 486 commendata,
2087 411 2239 473 Luc.
2271 435 2382 477 221·

1355 512 1449 569 19.
1535 493 1838 554 Eiusdem
1919 499 2140 556 mortis
2208 522 2367 579 quae

1348 579 1560 651 ratio,
1610 578 1808 637 Hebr.
1844 601 1990 659 219.
2059 583 2210 640 Eius
2238 587 2379 644 vir-

1350 669 1452 720 tus
1496 664 1752 741 quando
1794 667 2003 723 minus
2041 671 2380 745 apparuis-

1351 756 1492 820 set,
1569 767 1590 804 1
1656 747 1806 806 Cor.
1876 770 1926 809 1:
2004 771 2099 827 17.
2203 751 2378 811 Finis

1350 830 1484 888 eius
1521 830 1696 889 inter
1742 834 1901 892 alios
1930 835 2200 893 eximius
2239 838 2380 895 vita

1352 916 1806 993 Apostolorum
1880 920 2097 996 purior
2166 921 2376 981 indies

1353 999 1687 1057 reddenda
1713 1044 1730 1074 ,
1770 1000 1911 1060 Ioh.
1949 1022 2035 1078 17:
2070 1022 2161 1081 ¹9·
2212 1007 2385 1063 Mor-

1349 1093 1477 1140 tem
1529 1081 1774 1142 Christi
1834 1096 1901 1145 et
1957 1091 2384 1148 resurrectio-

1353 1189 1494 1225 nem
1545 1170 1842 1246 Apostoli
1905 1192 2133 1251 magno
2195 1175 2385 1231 moli·-

1355 1254 1524 1310 mine
1599 1253 1988 1330 adstruunt,
2062 1271 2088 1315 1
2154 1256 2384 1317 Thess.

1351 1350 1412 1405 41
1471 1349 1566 1404 14.

248 1432 583 1498 comparat
610 1465 626 1492 ,
677 1419 858 1476 Rom.
895 1421 953 1476 6:
1004 1438 1062 1476 2.
1114 1419 1277 1475 Mor·
1314 1419 1634 1478 Mortuum
1675 1421 1914 1480 (licitur
1950 1423 2264 1501 quidquid
2291 1425 2388 1482 ef-

247 1516 377 1565 tem
418 1526 494 1562 ex
547 1503 828 1563 Naturae
871 1503 1010 1582 lege
1052 1523 1282 1579 prove-

247 1592 535 1648 nientem
600 1608 681 1645 au
747 1589 921 1645 Deus
970 1588 1282 1665 impedire

250 1675 535 1756 potuerit
564 1718 579 1742 ‚
637 1682 702 1730 et
746 1692 862 1729 cur
905 1692 1035 1730 non
1082 1671 1276 1748 impe·

138 1813 147 1821 ,
254 1760 493 1833 dierit‚
545 1757 724 1814 Rom.
770 1759 829 1815 5:
871 1769 966 1824 14.
1012 1755 1280 1813 Mortem

246 1838 447 1901 1101110
470 1842 744 1899 maxime
771 1841 999 1899 metuit
1018 1885 1037 1914 ,
1088 1839 1284 1898 Hebr.

253 1947 313 1986 21
369 1930 464 1986 15.
552 1926 914 1984 Secundam
957 1944 1088 1982 non
1130 1944 1281 1983 eva-

254 2013 363 2070 det
407 2010 516 2088 qui
563 2011 632 2067 in
679 2008 939 2067 Christo
985 2029 1111 2066 non
1158 2030 1282 2066 mo-

248 2096 468 2170 ritur,
523 2097 720 2173 Apoc.
768 2114 866 2153 201
925 2095 1021 2152 15.
1112 2092 1279 2152 Mor-

253 2189 382 2239 tem
443 2178 549 2235 ubi
608 2179 954 2236 obierimus
1002 2198 1136 2236 non
1184 2198 1283 2236 re-

253 2265 385 2324 fert
409 2308 424 2335 ,
457 2263 568 2321 sed
592 2264 810 2340 quales
834 2308 850 2335 ,
878 2262 1042 2320 ibid.
1105 2259 1287 2320 Hanc

257 2370 322 2407 se
369 2347 675 2406 meruisse
722 2342 1134 2427 significabat
1176 2346 1285 2424 qui

255 2433 565 2512 pecudem
628 2452 745 2510 pro
816 2452 883 2489 se
929 2429 1238 2488 offerebat
1269 2475 1284 2502 ,

261 2517 458 2576 Hebr.
502 2536 560 2595 9:
618 2535 716 2575 22.
780 2516 830 2575 Α
881 2526 1083 2574 morte
1127 2515 1284 2596 eripi

260 2604 401 2680 quis
449 2603 750 2676 dicatur,
799 2601 929 2659 lac.
973 2603 1031 2660 5:
1084 2619 1184 2658 20.

216 2686 717 2756 Mors‘Christi‚
770 2703 958 2744 causa
1005 2685 1286 2763 dignita-

254 2772 340 2828 tis
385 2773 563 2840 eius,
615 2769 810 2827 Hebr.
859 2789 912 2829 21
962 2790 1022 2848 9.
1085 2769 1285 2827 Pabu-

255 2855 387 2912 lum
472 2856 553 2913 ad
631 2856 835 2913 ‘vitam
890 2849 1285 2923 ‘aeter-nam,

262 2939 402 2999 1011.
446 2940 506 2999 61
553 2943 656 2997 51.
744 2939 1165 3015 praeparatio
1208 2937 1286 2994 ad

257 3025 602 3081 transitum
647 3033 938 3079 nostrum
982 3023 1053 3095 in
1089 3021 1284 3080 vitam

254 3110 587 3167 meliorem
619 3152 634 3178 ,
682 3107 824 3165 Ioh.
874 3123 971 3184 19:
1026 3120 1120 3175 14.
1182 3104 1284 3162 Li-

257 3192 512 3251 beratio
580 3202 802 3249 nostra
846 3200 1288 3270 -propternos

262 3286 591 3353 suscepta,
638 3296 657 3334 1
695 3276 866 3334 Petr.
904 3295 955 3334 11
991 3295 1080 3353 19.
1130 3274 1290 3332 Το3-

260 3361 592 3418 timonium
658 3359 785 3417 fuit
864 3360 943 3418 de
1015 3359 1292 3419 veritate

263 3444 603 3504 doctrinae
669 3445 872 3522 ipsius
936 3452 1002 3503 et
1077 3463 1292 3502 exem-

259 3530 432 3608 plum
500 3529 1037 3605 perfectissimum
1085 3528 1290 3586 omni·

262 3633 361 3671 um
392 3613 911 3672 Christianarum
945 3614 1254 3674 virtutum
1275 3656 1299 3684 „

268 3695 432 3777 Eph.
466 3716 515 3757 1:
547 3700 581 3754 8
607 3742 629 3772 ,.
677 3699 816 3755 Gal.
849 3719 900 3758 1:
928 3712 1007 3771 4,
1065 3716 1085 3755 1
1123 3697 1296 3755 Tim.

264 3801 321 3841 21
371 3784 431 3840 6.
516 3781 802 3840 Verbum
851 3782 1112 3843 visibile
1158 3788 1293 3853 est,

268 3865 407 3925 1011.
447 3866 505 3924 61
539 3863 659 3928 53.
745 3867 822 3926 111
862 3867 1034 3944 quod
1079 3886 1112 3922 a
1155 3866 1301 3923 Deo

269 3950 585 4024 destinata
657 3950 785 4023 sit,
858 3951 997 4009 Gal.
1068 3968 1122 4010 21
1198 3967 1297 4010 21.

265 4034 517 4094 ludaeis
570 4035 890 4113 quomodo
938 4033 1299 4111 profuerit,

266 4117 406 4177 1011.
458 4138 550 4178 111
600 4122 704 4176 51.
756 4118 1002 4176 'Mortis
1054 4116 1296 4174 Christi

267 4203 452 4280 culpa
499 4204 705 4282 magis
755 4211 897 4262 erat
941 4221 1132 4280 penes
1184 4201 1297 4259 Se-

266 4296 527 4346 natores
621 4288 1005 4346 ludaeorum
1111 4301 1298 4359 quam

262 4370 557 4449 plebem,
610 4373 753 4431 Act.
801 4376 859 4432 3:
917 4361 1039 4449 17.’
1109 4369 1299 4428 Eius-

243 4454 411 4536 ·‹lem
454 4457 763 4516 memoria
806 4477 922 4516 cur
957 4462 1112 4537 prae
1152 4474 1297 4513 cae-

1353 1506 1586 1563 sectum
1636 1526 1819 1564 suum
1864 1528 1997 1564 non
2051 1510 2389 1586 consequi-

1353 1597 1459 1647 tur
1487 1634 1504 1661 ,
1555 1588 1734 1646 Rom.
1768 1603 1827 1659 41
1872 1610 1940 1664 17
1970 1635 1989 1663 ,
2039 1592 2168 1649 Iac.
2197 1613 2250 1650 21
2293 1613 2385 1667 17.

1362 1674 1647 1731 Mortuus
1738 1675 1929 1731 simul
2013 1679 2153 1753 quis
2242 1688 2383 1752 est,

1352 1758 1561 1815 factus
1603 1757 1772 1815 liber
1806 1768 1900 1817 est
1927 1778 1959 1814 a
1990 1763 2382 1837 praeceptis,

1357 1842 1543 1900 Rom.
1586 1841 1646 1901 6:
1676 1862 1737 1917 7.
1797 1842 2028 1900 Mortui
2071 1846 2139 1901 in
2181 1847 2386 1904 vitam

1354 1926 1642 1991 rev‘ocati
1680 1947 1807 1983 non
1843 1928 2211 2003 polluerunt
2248 1936 2387 1986 tac-

1355 2019 1423 2068 tu
1471 2030 1583 2067 suo
1632 2009 1987 2088 Prophetas
2013 2033 2129 2069 nec
2159 2012 2389 2071 Chris-

1358 2103 1487 2151 tum
1556 2093 1812 2172 ipsum,
1924 2095 2072 2154 Luc.
2153 2117 2212 2172 7:
2293 2109 2388 2166 14.

1358 2177 1597 2236 Mortui
1681 2180 2000 2237 translate
2073 2181 2390 2243 ,dicuntur

1357 2262 1651 2322 homines
1703 2264 2013 2340 decrepiti
2061 2273 2124 2322 et
2183 2266 2390 2323 inuti-

1357 2348 1452 2405 les
1502 2347 1581 2405 ad
1626 2350 2148 2425 generationem,
2205 2350 2387 2409 Rom.

1357 2446 1416 2501 4:
1452 2451 1542 2507 17.
1589 2432 1817 2511 Propie
1854 2434 1992 2506 ipsa
2026 2433 2385 2509 cadavera,

1363 2515 1592 2576 Mauh.
1634 2519 1690 2577 8:
1727 2537 1824 2576 22.
1881 2516 2239 2596 Improprie
2275 2518 2393 2593 110-

1360 2601 1566 2660 mines
1614 2622 1649 2658 a
1696 2621 1855 2660 vera
1913 2604 2261 2679 disciplina
2319 2625 2390 2661 a-

1360 2686 1566 2758 lieni,
1634 2686 1794 2744 ibid.
1907 2686 2218 2746 Hebraeis
2286 2689 2389 2746 di-

1360 2778 1594 2828 cuutur
1664 2773 1891 2850 quibus
1961 2772 2100 2830 vita
2166 2773 2386 2831 vitalis
2445 2819 2448 2820 ν

1361 2875 1493 2913 11011
1536 2864 1673 2931 031,
1726 2857 1926 2932 Apoc.
1979 2871 2072 2926 141
2123 2861 2220 2917 13.
2282 2858 2394 2916 In-

1365 2939 1613 2995 terdum
1699 2942 1807 3017 qui
1892 2942 2074 3016 quasi
2157 2937 2396 3021 mortui

1362 3030 1554 3095 sunt,
1621 3031 1687 3080 et
1730 3023 2097 3081 resuscitati
2141 3028 2248 3103 qui
2312 3026 2394 3082 li-

1364 3107 1678 3164 berantur
1702 3153 1717 3180 ,
1771 3125 1805 3163 2
1833 3104 1985 3164 Cor.
2016 3125 2068 3164 1:
2096 3128 2155 3185 9.
2223 3110 2396 3167 Mor-

1363 3190 1455 3248 tui
1500 3191 1606 3267 qui
1649 3192 1872 3248 obesse
1919 3212 2046 3248 non
2086 3201 2387 3269 possunt,

1360 3273 1817 3349 honorantur,
1870 3274 2098 3333 Matth.
2147 3280 2243 3337 251
2297 3297 2398 3354 29.

1367 3360 1608 3417 Mortui
1669 3358 1738 3418 in
1802 3353 2393 3439 peccatis'quinam

1368 3445 1708 3519 dicantur,
1761 3443 1922 3522 Eph.
1950 3465 2004 3505 2:
2043 3466 2095 3505 1.
2165 3444 2396 3504 Mortui

1365 3530 1682 3606 quomodo
1747 3531 2049 3588 dicautur
2105 3533 2244 3589 Deo
2292 3531 2399 3588 vi-

1367 3632 1563 3686 vere,
1622 3612 1774 3671 Luc.
1814 3632 1910 3675 no:
1959 3618 2058 3675 38.
2118 3615 2400 3673 Mortuo-

1369 3716 1507 3754 rum
1553 3717 1683 3755 non
1721 3706 1817 3756 est
1863 3719 2161 3775 peccare,
2218 3698 2399 3756 Rom.

1371 3781 1429 3839 6:
1479 3800 1541 3856 7.
1631 3778 1867 3841 Eorum
1961 3792 2163 3839 status
2255 3790 2402 3859 post

1366 3862 1539 3923 hanc
1581 3866 1781 3923 vitani
1819 3861 2200 3944 ‘depingitur
2239 3859 2403 3945 figu-

1369 3949 1463 4007 ris
1530 3950 1849 4027 expressis
1897 3950 1976 4007 ad
2038 3952 2400 4026 exemplum

1371 4034 1546 4090 vitae
1595 4034 1885 4091 mortalis
1913 4077 1933 4107 ,
1991 4033 2137 4091 Luc.
2177 4035 2269 4094 161
2308 4055 2402 4113 19.

1371 4117 1640 4175 Mortuis
1759 4125 1908 4175 cur
1989 4120 2403 4178 annumerari

1374 4200 1670 4276 Christus
1734 4202 2064 4275 voluerit,
2143 4223 2162 4261 1
2229 4204 2405 4263 Petr.

1372 4300 1432 4356 41
1483 4285 1544 4343 6.
1625 4279 1917 4346 Mortuos
1980 4286 2221 4346 deflere
2271 4297 2408 4346 erat

1372 4390 1567 4449 genus
1609 4368 1880 4429 honoris
1925 4372 2246 4430 defunctis
2291 4372 2411 4429 ba-

1370 4454 1493 4513 biti
1563 4455 1736 4537 apud
1805 4453 2177 4531 Hebraeos,
2266 4459 2409 4514 Act.

2344 4559 2398 4619 3.
