2779 5085
663 206 1047 268 RERUM
1136 226 1233 267 ετ
1319 206 1982 272 VERBORCM.

2293 235 2417 299 105

278 369 471 430 vina
514 365 626 426 ubi
676 366 978 427 Christus
1026 385 1213 427 orare
1252 375 1321 428 et
1388 366 1772 447 apparebit,
1848 388 1877 430 1
1950 368 2154 431 Patr..
2184 384 2249 445 43
2320 379 2421 440 13.

277 462 671 536 pernoctare
698 450 1148 524 solebat,loh.
1174 455 1234 513 83
1267 474 1319 512 ι.
1391 452 1617 511 Gloria
1693 453 1819 513 Dei
1890 454 2269 516 inclarescit
2333 482 2419 523 ex

230 541 521 621 Girgaza
538 536 761 597 vicina
780 537 1095 613 Gadarae,
1114 539 1319 598 Marc.

279 629 342 685 5:
402 644 457 682 1.

1334 594 1337 599 ,
1393 538 1638 596 sanctis
1657 538 1907 618 piorum
1927 542 2254 620 operibus,
2277 545 2419 606 Ioh.

1397 625 1491 682 153
1562 625 1625 681 8.
1726 622 1950 683 Gloria
2019 624 2169 684 Filii
2239 631 2418 691 Patri

236 709 512 769 Giumus
579 707 769 765 arbos
814 704 1062 764 fructus
1109 706 1320 784 profe·
1393 706 1575 765 cordi
1638 716 1781 781 est,
1838 718 1912 766 ut
1954 708 2163 770 Patris
2208 712 2418 792 Filio,

280 814 438 853 rens
467 791 621 849 ficui
646 790 921 866 similes,
950 789 1109 849 Luc.
1140 811 1232 870 19:
1256 808 1319 862 4.
1392 789 1535 849 Ioh.
1565 809 1659 851 123
1691 794 1791 850 28.
1859 793 2082 852 Gloria
2123 817 2241 876 pro
2276 800 2418 879 ipso

235 877 691 937 Gladiatorum
716 876 1097 951 auctoratio,
1124 874 1319 935 Hebr.
1392 877 1573 949 Deo,
1617 893 1654 933 2
1692 875 1865 935 Petr.
1907 898 1959 936 13
2004 881 2099 938 18.
2161 881 2416 960 Gloria,

294 982 391 1021 10:
440 982 503 1039 7.

243 1046 513 1107 Gladius
573 1044 840 1104 verbum
900 1043 1064 1117 Dei,
1115 1042 1316 1123 Apoc.

288 1150 385 1192 123
460 1134 523 1190 5.
635 1129 762 1188 Pro
828 1129 1315 1206 praedicatione

286 1213 655 1294 Euangelii‚
677 1214 880 1291 Apoc.
908 1218 999 1274 133
1029 1227 1118 1284 ¹4·
1163 1212 1314 1271 Gla-

287 1301 431 1359 dius
499 1305 720 1355 acutus
785 1306 853 1355 et
903 1318 1140 1377 anceps
1197 1319 1315 1377 pro

190 1376 199 1385 ’
289 1384 647 1464 Euangelio
674 1427 694 1458 ,
770 1384 971 1461 Apoc.
1048 1403 1140 1462 19:
1219 1386 1315 1441 15.

291 1468 506 1529 Gladii
570 1486 797 1526 vocem
854 1467 931 1526 de
992 1467 1317 1525 calumnia

288 1574 473 1633 saepe
497 1551 771 1611 Hebraei
794 1561 1130 1630 usurpant,
1156 1551 1314 1610 Luc.

288 1659 345 1699 23
406 1640 507 1698 35.
592 1636 808 1707 Gladii
878 1637 1150 1696 officium
1218 1646 1315 1695 est

292 1722 610 1796 dividere,
636 1719 868 1781 Matth.
899 1740 991 1781 10:
1019 1725 1118 1791 34.
1165 1722 1310 1780 Gla-

292 1808 386 1866 dii
447 1808 545 1864 ius
605 1813 704 1863 est
764 1806 863 1864 ius
915 1804 1310 1885 publicarum

292 1889 921 1951 animadversionum
940 1935 957 1964 ,
992 1889 1223 1950 Matth.
1251 1895 1310 1951 5:

290 1990 394 2046 40.
457 1975 687 2033 Gladio
721 1976 1208 2055 peregrinantes
1244 1997 1316 2033 u-

289 2059 594 2119 tebantur
634 2058 703 2116 in
738 2058 1010 2135 Iudaea,
1048 2059 1188 2119 Ioh.
1219 2063 1310 2119 18:

297 2164 395 2203 10.
460 2143 692 2202 Gladio
734 2144 991 2222 quinam
1034 2144 1270 2203 mortui
1296 2190 1312 2218 ,

294 2228 613 2288 Hebr.-11:
643 2231 745 2303 37.
802 2228 1048 2286 Gladiis
1086 2230 1314 2287 utrim-

286 2334 407 2394 que
433 2312 797 2372 secantibus
824 2314 1172 2372 utebantur
1195 2314 1315 2372 Le·

284 2399 460 2458 vitae
486 2399 558 2456 in
585 2398 982 2478 dissecandis
1005 2398 1312 2472 victimis,

286 2481 486 2542 Hebr.
525 2495 586 2553 4:
638 2500 733 2542 12.
817 2481 1063 2541 Gladiis
1106 2484 1314 2562 ⁴Apos-

174 2619 181 2628 .
283 2569 566 2626 tolorum
633 2568 717 2626 ad
770 2567 1312 2646 significationem

1389 958 1596 1018 honos
1631 969 1698 1018 et
1724 961 1972 1040 gratiae
1997 964 2078 1021 ob
2103 984 2417 1042 quaenam

1388 1045 1531 1102 Deo
1597 1042 1834 1104 dentur
1858 1090 1878 1119 ,
1950 1048 2157 1126 Apoc.
2221 1066 2284 1121 43
2355 1076 2420 1135 9.

1391 1128 1616 1188 Gloria
1670 1129 1865 1188 saluti
1911 1132 2140 1191 cedere
2188 1136 2417 1215 debet,

1392 1232 1426 1271 2
1462 1213 1638 1271 Petr.
1662 1216 1720 1275 33
1758 1214 1853 1272 16.
1920 1216 2181 1278 Gloriae
2225 1241 2420 1282 causa

1391 1297 1770 1357 Thebanum
1830 1301 2148 1378 quendam
2196 1304 2425 1366 distri-

1387 1383 1603 1442 buisse
1644 1403 1864 1443 omnes
1894 1386 2237 1447 facultates
2272 1411 2418 1451 suas

1387 1467 1458 1524 in
1505 1488 1860 1547 pauperes,
1910 1484 2221 1531 memorat
2267 1474 2425 1535 Ori-

1388 1572 1621 1631 genes,
1673 1572 1698 1609 ι
1737 1552 1890 1611 Cor.
1923 1558 2014 1616 133
2046 1559 2106 1616 3.
2160 1558 2422 1621 Gloriae

1393 1635 1640 1696 Christi
1734 1638 2085 1698 maximum
2169 1644 2420 1721 signum

1387 1721 1585 1799 quid,
1632 1719 1775 1780 Ioh.
1827 1736 1919 1793 14:
1977 1743 2072 1783 12.
2158 1725 2418 1789 Gloriae

1391 1806 1675 1864 Divinae
1704 1805 2077 1887 effulgentia
2101 1808 2171 1868 in
2200 1811 2427 1871 Chris-

1388 1901 1498 1961 to,
1545 1889 1744 1948 Hebr.
1792 1911 1844 1950 13
1890 1896 1951 1955 3.
2018 1893 2277 1955 Gloriae
2304 1897 2425 1956 Di-

1389 1976 1584 2034 vinae
1626 1974 1907 2033 studium
1948 1978 2020 2034 in
2058 1979 2271 2039 animo
2306 1981 2426 2040 ha-

1391 2059 1672 2117 bendum
1705 2068 1833 2131 est,
1868 2059 2008 2119 loh.
2031 2065 2092 2121 5:
2119 2076 2223 2131 42.
2266 2066 2423 2124 Glo-

1387 2144 1555 2201 riam
1598 2145 1738 2201 Deo
1782 2144 1936 2203 dare
1971 2146 2112 2224 quis
2146 2148 2420 2225 dicitur,

1393 2226 1575 2286 Rom.
1598 2241 1658 2298 4:
1691 2248 1791 2288 2ο.
1853 2228 2030 2300 Quid
2061 2232 2420 2312 significet,

1389 2314 1594 2391 Apoc.
1668 2333 1762 2392 193
1831 2335 1894 2393 7.
1997 2314 2284 2376 Gloriam
2351 2319 2421 2378 in

1389 2397 1582 2456 terris
1625 2419 1936 2476 quaerere
1978 2420 2112 2458 non
2150 2402 2421 2479 debent,
2511 2416 2516 2419 *

1389 2502 1658 2561 quorum
1718 2483 1928 2564 gloria
1971 2485 2044 2542 in
2089 2487 2270 2547 coelo
2316 2509 2424 2548 re·

1394 2569 1601 2646 posita
1637 2579 1776 2643 est,
1820 2569 1971 2628 Luc.
2007 2589 2107 2630 223
2149 2591 2251 2651 29.
2320 2575 2424 2633 Ad

284 2661 536 2711 tantum
606 2650 897 2710 Christus
962 2673 1111 2711 usus
1172 2662 1312 2725 est,
1389 2653 1662 2731 gloriam
1732 2654 2078 2713 coelestem
2147 2657 2260 2717 via
2325 2669 2426 2719 est

288 2737 612 2798 Lam-22:
677 2738 779 2797 38.
864 2735 1130 2795 Gladios
1202 2758 1315 2816 per
1387 2735 1651 2796 humilis
1696 2738 2046 2817 patientia,
2094 2740 2256 2801 ibid.

287 2822 481 2881 fidem
574 2820 836 2901 quinam
926 2820 1270 2902 effugerint
1293 2866 1313 2897 ,
1349 2820 1774 2880 Gloriandum
1813 2824 1884 2881 in
1915 2825 2132 2899 nullo,
2165 2827 2424 2905 quando
2499 2858 2506 2864 ·

289 2905 489 2967 Hebr.
540 2925 632 2966 113
682 2908 784 2974 34.
1389 2916 1682 2965 nostrum
1706 2906 1878 2965 nihil
1898 2917 2026 2982 est,
2054 2909 2213 2968 Luc.
2245 2930 2337 2990 17:
2362 2932 2424 2988 7.

245 2990 471 3051 Gloria
511 2991 726 3070 aliqua
767 2989 985 3068 statim
1027 2989 1317 3068 sequitur
1350 2990 1669 3049 Gloriatio
1705 2993 2016 3067 quaedam
2054 2993 2224 3053 iusta
2252 2997 2423 3075 apud

283 3077 580 3135 ultimum
665 3072 911 3134 Christi
985 3065 1311 3151 contemp·
1392 3076 1644 3146 Deum,
1689 3073 1872 3132 Rom.
1914 3090 1974 3143 4:
2027 3094 2086 3134 2.

285 3170 419 3218 tum
450 3207 468 3235 ,
534 3158 676 3219 Ioh.
750 3179 842 3239 19:
906 3161 1007 3220 38.
1096 3159 1317 3218 Gloria
1351 3159 1683 3219 Gloriolae
1725 3166 1791 3216 et
1820 3158 1987 3218 lucri
2017 3179 2209 3217 causa
2234 3162 2427 3220 multi

283 3245 638 3325 fugientem
707 3243 996 3322 sequitur
1025 3288 1042 3317 ,
1111 3243 1316 3303 Marc.
1391 3263 1565 3302 nova
1607 3242 1882 3316 docent,
1927 3263 1965 3303 2
2009 3243 2240 3303 Thess.
2275 3264 2333 3304 23
2363 3246 2426 3306 6.

289 3350 349 3408 7:
380 3330 481 3390 36.
549 3328 767 3386 Gloria
795 3328 963 3406 apud
990 3327 1315 3387 Hebraeos
1350 3327 1712 3388 Gloriosius
1748 3326 1920 3385 nihil
1957 3338 2055 3387 est
2089 3349 2274 3408 quam
2313 3352 2430 3409 op-

286 3434 327 3471 a
387 3415 708 3493 gravitate
771 3433 1007 3471 nomen
1073 3411 1271 3471 habet
1295 3458 1315 3487 ,
1388 3413 1550 3471 tima
1593 3411 1669 3471 de
1705 3432 1895 3473 causa
1933 3415 2069 3494 pati
2105 3416 2420 3495 pessima,

286 3518 327 3562 2
372 3499 522 3558 Cor.
560 3511 621 3567 43
677 3516 774 3574 17.
845 3496 1177 3568 Quaenam
1219 3497 1314 3555 di·
1393 3517 1430 3557 2
1476 3496 1706 3557 Thess.
1759 3516 1811 3559 13
1866 3516 1964 3558 12.

291 3583 458 3641 citur
513 3582 774 3662 gravis,
831 3600 854 3638 1
912 3582 1064 3642 Cor.
1108 3595 1169 3651 4:
1223 3601 1317 3658 17.
1350 3583 1597 3642 Gnidus
1639 3583 1859 3641 insula
1902 3583 2134 3642 Cariae
2172 3583 2428 3644 obiecta

289 3666 470 3738 Quae
513 3688 548 3724 a
592 3666 731 3724 solo
779 3667 918 3725 Deo
961 3666 1316 3745 proficisci·
1388 3665 1664 3725 Veneris
1728 3667 2077 3726 simulacro
2134 3674 2199 3725 et
2247 3667 2421 3726 culto

283 3747 435 3825 tur,
502 3770 859 3830 quaenam,
912 3750 1055 3811 Ioh.
1103 3754 1165 3811 5:
1214 3763 1317 3820 44.
1389 3750 1673 3825 nobilis,
1722 3752 1865 3810 Act.
1909 3770 2008 3827 27:
2055 3770 2116 3825 7.

287 3832 651 3910 Coelestis',
738 3836 949 3914 gratia
1030 3835 1271 3894 dicitur
1298 3879 1313 3907 ,
1351 3833 1644 3893 Gnostici
1691 3835 1956 3913 quinam
2000 3831 2424 3909 dicebantur,

288 3919 444 3980 Luc.
489 3920 549 3980 6:
600 3924 702 3982 32.
786 3917 1004 3994 Vera,
1051 3927 1317 4000 paratur
1397 3938 1423 3976 1
1492 3917 1661 3977 Tim.
1708 3918 1768 3979 63
1819 3934 1920 3976 2ο.
2009 3917 2140 3977 Cur
2202 3939 2270 3977 se
2331 3919 2426 3979 ita

284 4026 400 4083 per
418 4003 842 4086 ignominiam
864 4011 929 4063 et
951 4005 1313 4082 passioueS,
1389 4003 1752 4077 vocabant,
1788 4020 1812 4060 1
1848 4001 2078 4062 Cor-8:
2101 4020 2195 4061 10.
2242 4003 2424 4063 Inter

281 4087 425 4151 Ioh.
473 4109 565 4149 12:
613 4101 713 4159 24.
802 4088 1025 4147 Gloria
1069 4086 1314 4147 Christi
1388 4087 1697 4148 scandala
1716 4087 2426 4162 nominantur‚Matth.

283 4173 590 4254 dignior,
674 4180 958 4251 potestas
1024 4171 1312 4232 faciendi
1398 4175 1491 4233 13:
1538 4185 1645 4243 41.
1723 4170 1924 4233 Paulo
1970 4173 2429 4232 obtrectabant

203 4316 211 4325 ,
281 4255 1047 4334 miracula,Ioh.17:22.
1092 4256 1314 4315 Gloria
1387 4264 1691 4335 tanquam
1756 4255 1967 4315 minus
2026 4257 2428 4339 intelligenti

284 4341 534 4403 Christi
595 4362 911 4422 quaenam
935 4384 954 4415 ,
1003 4360 1042 4401 2
1090 4340 1314 4400 Thess'.
1388 4350 1631 4421 quanta
1664 4348 1833 4400 esset
1855 4340 2138 4401 hominis
2165 4344 2426 4422 sapien-

277 4444 336 4489 23
372 4441 467 4501 14.
534 4424 852 4510 Supremo
886 4426 989 4488 die
1017 4425 1312 4486 omnibus
1389 4426 1477 4485 tis
1501 4425 1807 4502 libertas,
1843 4444 1867 4484 1
1901 4427 2052 4489 Cor.
2078 4449 2135 4507 9:
2168 4427 2424 4565 &EC-ur

2291 4530 2422 4587 pls·
