2779 5085
35 358 149 495 Ξᾶῦᾶ
186 360 454 429 Paulus

69 460 83 496 ι

646 203 1035 273 RERUM
1121 222 1224 267 n
1306 166 1966 274 vssnsonuu.

238 537 474 595 nullas
499 581 518 612 ,
560 534 600 595 ’2
638 536 790 595 Gor.
829 553 925 597 on
960 553 1058 616 13.
1123 537 1281 598 Mal-

236 622 340 679 tis
431 620 592 679 locis
685 620 876 680 docet
956 620 1284 682 Christum

238 713 576 764 mortuum
618 725 756 764 esse
798 726 916 785 pro
954 705 1284 780 omnibus,

239 788 445 847 Bom-
516 808 575 847 1.
680 789 956 870 Proprio
1034 798 1283 870 sumptu

238 872 684 953 Euangelium
734 874 1200 949 annunciavit,
1256 894 1278 932 1

241 957 413 1016 Gor.
467 960 560 1017 152
605 960 710 1021 58.
800 958 979 1031 Quae
1021 958 1282 1034 docuit,

236 1042 428 1102 unde
471 1042 829 1120 acceperit,
853 1043 1016 1102 ibid.
1055 1042 1281 1104 Liber-

184 1139 188 1145 ·
228 1133 449 1186 tatem
490 1135 886 1185 'vocatorum
946 1148 1030 1188 ex
1075 1128 1281 1210 genti-

232 1210 371 1270 b'us
420 1209 760 1284 tuebatur,
806 1212 918 1271 sed
962 1213 1096 1293 ipse
1146 1213 1281 1273 dies

229 1295 635 1356 Indaeorum
702 1294 902 1355 festos
972 1298 1274 1359 observa—

226 1380 404 1454 bat,
459 1378 604 1439 Act.
647 1397 748 1441 20:
796 1379 857 1440 6.
945 1380 1278 1442 Neminem

231 1463 680 1540 excludebat,
751 1461 874 1525 Dei
936 1468 1277 1549 exemplo,

100 1604 117 1621 Ι
231 1550 402 1609 Act.
445 1551 545 1609 282
573 1551 676 1609 30·
761 1546 904 1630 lpse
946 1571 1124 1623 suum
1166 1571 1276 1612 ex-

231 1632 529 1714 emplum
558 1633 822 1693 adducit
857 1635 967 1694 ubi
998 1637 1081 1696 ad
1106 1656 1269 1716 mag-

226 1726 353 1776 na‘
398 1716 744 1794 hortatur,
819 1739 844 1778 1
901 1720 1052 1802 Cor,
1112 1741 1172 1798 7:
1220 1740 1278 1799 7.

226 1802 503 1864 Monita
542 1810 660 1861 su'a
698 1822 814 1861 cur
852 1804 1148 1863 emollire
1175 1825 1271 1863 so·

223 1887 423 1963 leat,
472 1886 654 1946 Rom.
705 1890 798 1948 15:
838 1899 944 1957 ‹14-
1006 1886 1273 1959 Qualem

224 1969 349 2031 sui
431 1969 863 2031 imitationem
943 1973 1233 2051 requirat
1255 2019 1274 2050 ,

204 2073 271 2115 -1
331 2054 484 2116 Cor.
544 2068 606 2127 42
659 2055 774 2115 16.·
845 2055 949 2116 Ad
1001 2055 1275 2116 consilia

226 2139 466 2200 danda
512 2139 725 2218 aptior
761 2138 886 2199 fuit
933 2138 1168 2216 Petro,
1214 2149 1275 2201 et

221 2245 360 2285 cur
386 2268 406 2299 ,
471 2245 510 2286 2
558 2224 711 2283 Cor.
762 2243 854 2284 12:
884 2239 964 2294 ,ζμ
1056 2224 1273 2285 Noluit

2273 231 2406 301 ππ

487 364 803 446 plurimas
832 363 1163 429 Ecclesias
1183 367 1292 428 in-
1361 363 1531 426 vitia
1583 373 1894 449 tangere,
1931 386 2101 449 quae
2141 346 2394 456 quoquo

247 451 469 512 stituit
492 494 513 526 ‚
578 449 764 511 Pauli
828 451 1290 512 obtrectatores
1861 453 1876 467 ⁸

1360 449 1432 509 in
1493 450 1642 510 Ioco
1705 472 1980 513 maxime
2033 456 2392 539 vigebant,

1370 552 1395 595 1
1428 530 1741 607 Thess-42
1795 542 1893 597 11.
1929 538 2109 599 ‘Post
2141 545 2394 605 mon-ita

1360 620 1694 699 generalia
1727 630 2017 683 attexere
2045 626 2210 686 solet
2232 648 2390 707 quae

1362 705 1759 783 temporibus
1796 725 1873 764 ac
1907 706 2071 767 locis
2111 713 2391 774 maxime

1360 786 1727 848 necessaria
1772 801 2007 868 erant,
2082 807 2109 852 1
2161 794 2391 856 Thess.

1359 875 1421 932 51
1475 893 1572 954 13.
1623 872 1762 932 -Ex
1822 895 1938 934 suo
1977 883 2044 935 et
2092 887 2388 940 veterum

1359 975 1538 1017 more
1574 967 1719 1037 post
1753 955 2098 1037 prae'cepta
2127 964 2389 1043 dogma.-

1359 1041 1493 1100 tica
1533 1042 1860 1123 subiungit
1904 1043 2153 1121 ethica,
2205 1044 2390 1113 Rom.

1364 1143 1459 1186 12:
1514 1144 1569 1186 1.
1658 1127 1846 1186 Parte
1896 1128 2236 1190 doctrinae
2273 1133 2390 1194 ab-

1355 1213 1571 1285 soluta
1607 1211 1902 1272 adoritur
1936 1212 2341 1277 hortationes
2362 1261 2383 1293 ,

1356 1293 1523 1375 Eph.
1574 1309 1636 1366 42
1693 1313 1749 1356 1.
1856 1293 2011 1356 Cum
2081 1298 2385 1362 libertate

1355 1380 1571 1459 aliqua
1646 1376 1900 1441 Veteris
1983 1383 2390 1446 Testamenti

1354 1464 1501 1522 loca
1526 1464 1727 1524 citare
1766 1468 2140 1544 consuevit,
2169 1490 2207 1529 2
2230 1471 2389 1531 Cor.

1354 1546 1414 1608 6:
1451 1548 1548 1608 16.
1601 1549 1882 1607 Diversa
1919 1550 2387 1630 Prophetarum

1353 1631 1498 1690 loca
1524 1633 1936 1712 compingere
1962 1635 2161 1710 solet,
2202 1638 2390 1699 Rom.

1359 1735 1453 1775 112
1502 1735 1604 1796 27.
1678 1716 1949 1797 ,Repetit
2001 1718 2220 1794 dicta,
2269 1724 2384 1782 ubi
2443 1782 2448 1785 Α

1355 1799 1545 1858 altius
1596 1800 1811 1860 animo
1864 1802 2195 1883 quidpiam
2240 1807 2388 1865 vult

1350 1883 1663 1964 infigere,
1712 1884 1896 1945 Rom.
1920 1889 1977 1946 32
2010 1887 2109 1947 26.
2152 1886 2384 1953 Esaiae

1352 1966 1595 2026 dictum
1660 1967 1737 2029 de
1794 1969 1997 2030 salute
2043 1973 2386 2053 temporali

1351 2052 1561 2113 refert
1598 2052 1679 2111 ad
1717 2061 2046 2112 aeternam
2069 2097 2090 2132 ,
2146 2075 2183 2116 2
2233 2055 2386 2119 Cor·

1351 2136 1412 2197 62
1466 2155 1563 2197 12.
1608 2134 1807 2197 Mosis
1853 2139 2056 2197 verba
2096 2140 2394 2220 applicat-

1352 2220 1752 2302 Euangelio,
1807 2221 1987 2281 Rom.
2037 2242 2130 2284 10:
2176 2224 2237 2288 6.

226 2309 543 2390 spiritum
578 2307 953 2368 mendacem
989 2309 1116 2368 sibi
1140 2329 1276 2369 esse
1313 2306 1548 2389 Paulus
1584 2307 1965 2366 Deinomen
2004 2308 2220 2386 Patri,
2246 2311 2387 2369 Do·-

222 2402 513 2464 testem,
562 2393 709 2453 Act.
755 2394 852 2455 16:
899 2396 997 2455 18.
1062 2393 1275 2467 Quare

195 2488 371 2554 ⁸tam
444 2476 790 2561 diligenter
871 2479 1270 2539 commenda·
1314 2474 1333 2485 ”

110 2633 113 2640 ,
224 2563 419 2624 verit
451 2565 899 2624 necessitatem
945 2563 1275 2623 Ecclesiae

236 2648 652 2709 Palaestinae
685 2650 953 2708 aliarum
988 2649 1270 2729 gentium

235 2731 866 2806 Ecclesiis5Matth.
915 2746 1120 2810 242'7.
1187 2731 1273 2791 Ut

239 2814 572 2894 Propheta
640 2815 836 2894 magis
910 2816 1270 2875 illustratus

72 2939 75 2946 »
182 2914 189 2918 ’
243 2900 505 2959 Petrum
528 2896 924 2972 illustravit,
950 2897 1111 2979 Eph.
1132 2904 1190 2961 3:
1217 2906 1271 2963 3.

244 2980 522 3055 Quando
545 2982 763 3042 iurare
789 2983 993 3042 soleat
1014 3029 1031 3059 ,
1062 3005 1097 3045 2
1126 2985 1272 3045 Cor.

248 3083 350 3128 11:
398 3069 520 3143 31,
569 3066 711 3126 Gal.
759 3085 817 3128 1:
860 3084 960 3128 2ο.
1039 3068 1272 3129 Omnia

240 3147 359 3211 sua
406 3152 491 3212 ad
540 3149 873 3213 Ecclesiae
925 3152 1270 3214 utilitatem

233 3235 484 3313 refert,
569 3255 609 3297 2
674 3236 827 3298 Cor.
903 3252 957 3300 1:
1023 3252 1085 3308 4.
1171 3237 1272 3298 Ad

192 3332 475 3381 ‘causae
575 3320 785 3383 bonae
881 3322 1272 3401 praesidium

235 3406 431 3467 etiam
480 3405 761 3485 Legibus
808 3407 904 3465 uti
950 3406 1268 3479 noverat,

237 3490 386 3551 Act.
439 3491 536 3550 16:
591 3510 691 3572 37.
785 3488 1141 3569 Epistolam
1190 3492 1271 3551 ad

238 3574 564 3633 Romanos
608 3595 727 3635 cur
775 3575 1017 3635 Graece
1063 3575 1270 3656 scrip-

239 3657 422 3730 serit,
447 3659 649 3738 praef.
668 3660 740 3717 in
762 3660 989 3735 Marc.,
1011 3658 1199 3720 Rom.
1218 3677 1270 3720 1.

242 3741 322 3804 In
363 3741 673 3821 Epistolis
717 3743 968 3802 solebat
1000 3765 1113 3804 sua
1138 3766 1266 3804 ma-

237 3846 329 3887 nu
384 3825 680 3886 ‘scribere
742 3827 1096 3888 sententias
1164 3829 1267 3888 in-

243 3910 560 3991 signiores
619 3930 695 3968 ac
758 3920 1066 3991 perpetuo
1109 3907 1261 3973 reti·

241 3995 536 4072 nendas,
600 3994 744 4060 Gal.
800 3994 1051 4057 6341.Ἰ
1123 3996 1267 4058 Non

241 4080 573 4159 ignoravit
654 4086 860 4146 artem
910 4080 1268 4142 «rhetorum

237 4164 562 4223 laudando
635 4181 941 4239 movere,
1012 4184 1050 4223 2
1121 4165 1269 4225 Cor.

242 4250 300 4306 8:
349 4268 406 4325 7.
466 4248 859 4326 Simplexet
892 4249 1268 4330 perspicuus

1351 2390 1510 2448 mini
1559 2388 1728 2451 Filio
1769 2391 2048 2467 tribuit,
2093 2414 2250 2465 »cum
2300 2394 2380 2455 de

1349 2473 1648 2556 utrisque
1700 2476 1878 2557 agit,
1949 2474 2130 2539 Rom.
2191 2500 2250 2559 9²
2319 2483 2384 2540 5.

1351 2560 1619 2640 Semper
1666 2571 1838 2620 amat
1883 2562 2026 2640 plus
2062 2563 2379 2641 innuere,

1349 2665 1534 2724 quam
1584 2644 1844 2724 dicere,
1888 2645 2048 2706 ibid.
2108 2648 2384 2707 Condi-

1348 2728 1684 2790 tionaliter
1720 2749 1909 2808 saepe
1950 2731 2116 2791 solet
2142 2753 2384 2812 ponere

1347 2814 1619 2894 primain
1681 2835 2068 2893 personam,
2131 2836 2171 2884 ,1
2228 2818 2381 2879 Cor.

1352 2912 1447 2969 14:
1486 2898 1547 2957 6.
1594 2899 1775 2959 Solet
1812 2899 2024 2958 obiter
2063 2901 2378 2979 quaedam

1346 3004 1481 3042 non
1540 3003 1576 3041 a
1621 3003 1692 3042 re
1740 2982 1957 3044 aliena
1998 2984 2380 3052 interficere

1349 3087 1423 3125 ac
1482 3066 1716 3126 deinde
1776 3074 2071 3144 coeptum
2132 3087 2383 3129 sermo-

1345 3171 1491 3210 nem
1537 3158 1828 3229 repetere
1856 3195 1873 3222 ,
1930 3167 1954 3208 1
2011 3148 2246 3229 Cor-7:
2284 3174 2381 3231 17.

1346 3236 1488 3315 Ipse
1521 3245 1587 3295 et
1616 3230 1818 3295 Lucas
1859 3227 2030 3294 LXX
2059 3236 2383 3316 interpre-

1343 3330 1478 3382 tum
1520 3321 1725 3379 verba
1781 3319 2048 3379 multum
2098 3338 2379 3399 sequun-

1343 3414 1490 3480 tur,
1537 3403 1722 3465 Rom.
1766 3407 1826 3466 32
1862 3418 1925 3475 4.
1986 3395 2384 3486 Frequenter

1342 3489 1613 3569 respicit
1653 3489 1725 3549 id
1782 3487 1953 3570 quod
2006 3490 2380 3550 subintelli-

1344 3576 1565 3655 gitur,
1647 3571 1812 3654 Eph.
1886 3581 1949 3644 4²
2015 3593 2072 3634 2.

1343 3658 1840 3737 compositiones
1909 3676 2054 3716 cum
2103 3664 2382 3738 praepo-'-

1343 3742 1693 3801 sitionibus
1727 3741 2145 3821 augentibus,
2195 3742 2380 3803 Rom.

1340 3825 1402 3887 ὅς
1454 3844 1554 3886 2ο.
1609 3826 1882 3885 Multum
1925 3825 2131 3884 utitur
2170 3827 2381 3894 inter-

1341 3909 1788 3991 rogationibus
1817 3920 1891 3969 et
1919 3903 2374 3991 interrogatis,

1343 3996 1530 4070 Rom.
1572 4006 1634 4064 4³
1689 4014 1783 4072 17.
1845 3988 2090 4054 Plurali
2127 3996 2376 4072 primae

1340 4098 1656 4161 personae
1715 4078 1812 4137 uti
1877 4077 2043 4137 solet
2094 4079 2204 4138 ubi
2252 4080 2379 4139 ali-

1340 4164 1500 4246 quid
1541 4158 1831 4223 od'iosum
1882 4159 2088 4238 dicit,
2142 4181 2168 4222 1
2224 4164 2378 4225 Cor.

1349 4268 1444 4309 io:
1494 4250 1553 4307 8.
1641 4249 1832 4307 Amat
1875 4266 2072 4309 voces
2114 4248 2376 4310 easdem

241 4339 337 4389 est
398 4332 879 4400 attendentibus
911 4378 927 4408 ,
1000 4353 1034 4393 2
1096 4330 1271 4394 Petu
1342 4333 1541 4394 variis
1563 4333 1856 4392 sensibus
1883 4353 2121 4412 ponere
2144 4376 2160 4406 ,
2190 4330 2379 4393 Rom.

242 4435 294 4495 3:
352 4417 449 4477 16.
513 4411 697 4479 Solet
736 4420 1160 4499 peculiariter
1193 4440 1270 4479 ea
1342 4419 1401 4499 7:
1428 4412 2377 4561 235216,Gal.4:9,Eph·1:30

2207 4498 2377 4561 Pau-¹

2185 3574 2377 3635 Amat
2461 3565 2476 3576 Α
