2779 5085
392 249 487 314 ’88

395 432 402 439 ·
439 394 567 466 Est'
603 401 927 463 Tlislmud
967 418 1077 463 seu
1122 401 1422 463 doctrina
1441 451 1462 481 ,

403 3620 492 3660 ·2:
542 3619 601 3678 7.

441 489 554 559 sed
580 489 936 571 oppositum
960 486 1223 547 Iudaico
1240 534 1258 563 ,
1283 488 1463 547 Rom.

440 573 502 633 61
577 586 673 650 17.
775 569 890 631 Est
966 572 1462 633 instrumentum

392 655 729 731 'Christi,
797 652 965 735 Eph.
1022 659 1078 717 3:
1131 675 1190 731 7.
1276 655 1463 717 Fides

443 742 721 814 dicitur,
769 739 910 798 Gal.
952 741 1009 801 3:
1056 740 1156 800 23.
1243 740 1464 802 Gratia

438 818 583 886 Dei‘
620 834 932 897 vocatur,
993 822 1138 883 Act.
1190 828 1283 886 13:
1332 829 1461 902 43,

432 923 539 981 ,141
582 913 658 982 3,
702 908 843 968 Iud.
878 920 940 977 4.
1007 906 1144 967 Lex
1186 929 1358 968 nova
1400 919 1463 969 et

436 994 974 1074 complementum
1005 992 1244 1051 veteris
1260 1018 1291 1067 ‚·
1320 993 1462 1051 Act.

440 1097 499 1139 21
535 1096 589 1136 1.
646 1072 894 1137 Lumen
925 1074 1192 1150 dicitur,
1230 1095 1253 1135 1
1290 1077 1462 1135 Petr.

441 1181 499 1224 21
549 1180 609 1243 9.
694 1158 1076 1238 Mysterium
1122 1179 1238 1219 cur
1281 1161 1460 1219 dica·

400 1255 582 1320 ‘tur,
651 1260 676 1302 1
732 1243 903 1302 Tim.
949 1247 1005 1305 3:
1065 1243 1161 1303 16.
1247 1244 1458 1321 Testiss

433 1327 722 1388 monium
750 1327 996 1387 Christi
1034 1347 1145 1386 cur
1176 1328 1459 1401 dicatur,

442 1431 471 1471 1
505 1411 655 1471 Cor.
682 1429 738 1473 2:
773 1432 826 1472 1.
888 1412 1186 1473 Potentia
1223 1410 1343 1472 Dei
1381 1414 1464 1472 ad

434 1497 745 1571 salutem,
783 1495 915 1556 Iac.
957 1514 981 1554 1
1024 1515 1123 1558 21.
1188 1496 1311 1559 Per
1351 1518 1464 1556 ex-

431 1580 802 1640 cellentiam
879 1578 1121 1642 dicitur
1188 1582 1464 1641 scientia

433 1662 596 1737 Dei,
646 1684 684 1725 2
735 1663 887 1725 Cor.
936 1683 1029 1728 101
1078 1668 1141 1726 5.
1207 1666 1464 1725 Dicitur

432 1748 745 1825 verbum,
794 1745 937 1809 Gal.
981 1749 1041 1810 61
1090 1748 1151 1808 6.
1237 1750 1463 1811 Sermo

433 1833 779 1909 veritatis,
850 1831 991 1895 Ioh.
1042 1845 1136 1905 141
1187 1833 1249 1895 6.
1338 1834 1466 1893 Via

433 1917 781 1995 veritatis,
847 1916 978 1977 Iac.
1035 1919 1095 1978 51
1154 1935 1248 1997 19.
1336 1917 1466 1983 Via

1208 242 1747 306 ·1Nn1¹:x

1539 412 1721 462 ratur
1779 392 2197 483 patientiam,
2254 421 2278 463 1
2329 404 2580 471 Theon.

1545 506 1599 546 2:
1638 491 1731 547 13.
1795 486 1926 551 Nec
1960 489 2243 568 stupidos
2274 503 2589 554 contem-

1540 573 1677 647 nit,
1727 590 1844 631 nec
1879 571 1968 630 -ab
2011 573 2362 653 ingeniosis
2406 595 2586 634 con-

1538 655 1741 715 temni
1803 656 2037 731 debet,
2109 658 2285 715 Rom.
2355 678 2410 719 11
2471 673 2584 729 14,

1541 739 1801 800 Nemini
1858 749 2261 816 assentatur,
2309 761 2347 802 2
2395 742 2581 802 Tim.

1538 838 1597 893 41
1645 837 1709 893 4.
1777 822 1885 883 Nil
1930 824 2191 902 prodest
2230 825 2356 885 nisi
2402 826 2576 886 fides

1539 909 1597 967 ei
1663 907 2026 982 habeatur‚·
2091 902 2269 968 Rom.
2336 929 2389 970 11
2466 911 2578 971 16.

1539 992 1776 1070 Purgat
1836 1012 1875 1050 a
1930 994 2114 1051 vitiis
2172 1002 2574 1071 sectatorum

1540 1094 1796 1134 suorum
1845 1074 2134 1150 animos,
2185 1077 2342 1137 Ioh.⁴
2374 1084 2429 1137 3:
2483 1082 2578 1154 5,

1544 1161 1636 1220 13:
1707 1177 1819 1234 10,
1890 1156 2070 1219 Rom.
2114 1164 2171 1222 8:
2227 1180 2298 1235 1,
2365 1161 2578 1222 Hebr.

1537 1265 1596 1323 9:
1644 1263 1706 1323 9.
1772 1241 1912 1314 Quo
1959 1244 2064 1304 die
2111 1247 2188 1303 ab
2234 1246 2573 1324 Apostolis

1538 1327 1901 1408 praedicari
1925 1331 2235 1407 coeperit,
2262 1331 2405 1389 Act.
2427 1348 2484 1390 21
2512 1350 2533 1390 1
2550 1373 2574 1391 .

1537 1412 1680 1483 Qua
1719 1415 2571 1492 reverentiatractandum,
2659 1449 2667 1452 ⁴

1544 1516 1569 1555 1
1657 1496 1826 1562 Tim.
1907 1497 1965 1556 6:
2023 1501 2109 1561 ’8.
2222 1497 2572 1577 Receptum

1541 1581 1763 1639 mundi
1845 1579 2064 1641 odium
2144 1583 2353 1661 parit,
2421 1583 2575 1643 1011.

1533 1676 1642 1761 ’1.71
1689 1676 1801 1743 14,
1844 1684 1883 1727 2
1913 1665 2168 1749 Τ1111.31
2201 1686 2295 1729 12.
2361 1667 2579 1727 Sanc-

1535 1750 1847 1809 timoniae
1892 1768 2231 1828 personam
2279 1748 2575 1812 detrahit

1540 1833 1624 1890 iis
1645 1876 1665 1908 ,
1707 1833 1814 1913 qui
1846 1834 1939 1913 pii
1957 1834 2378 1911 diudicantur,
2410 1836 2578 1896 Luc.

1541 1937 1600 1977 21
1628 1920 1729 1987 34.
1798 1916 2076 1997 Speculo
2123 1929 2570 1998 comparatur,

439 2001 678 2061 ducens
723 2001 804 2060 ad
835 2000 1017 2061 sedes
1053 2001 1466 2081 superaethe-
1540 2001 1671 2060 Iao.
1718 2020 1771 2061 11
1820 2005 1920 2060 26.
2004 2001 2193 2079 Vires
2238 2004 2347 2063 dat
2392 2025 2579 2087 mag-

367 2083 374 2091 ’
433 2104 580 2145 reas
602 2128 621 2160 ,
662 2084 858 2145 Hebr.
882 2106 941 2164 9:
969 2088 1006 2145 8
1029 2129 1048 2160 ,
1091 2104 1114 2143 1
1149 2086 1290 2146 1011.
1322 2106 1372 2147 11
1410 2107 1464 2146 1.
1538 2104 1656 2143 nas
1695 2084 1792 2142 uti
1825 2084 2245 2162 volentibus}
2285 2088 2472 2146 Rom.¹
2501 2090 2566 2151 6:

431 2167 583 2228 vim
612 2169 735 2229 Dei
760 2168 828 2228 in
855 2189 922 2228 se
946 2169 1219 2250 positam
1242 2170 1462 2251 habet,
1552 2180 1648 2238 14.
1718 2167 1805 2227 Ut
1846 2169 2043 2229 arbor
2080 2170 2271 2229 simul
2317 2173 2575 2250 profert

442 2272 469 2312 1
524 2252 676 2312 Cor.
724 2272 777 2312 11
829 2254 970 2310 18.-

396 2334 821 2415 Euangelium
884 2333 1146 2396 Christo
1202 2339 1465 2420 praedi-

437 2429 626 2479 cante
664 2440 930 2498 paucos,
967 2441 1041 2480 eo
1077 2422 1254 2483 vitae
1291 2440 1466 2482 mor-

408 2504 558 2565 ·tali
599 2512 890 2585 exempto
930 2505 1238 2587 plurimos
1276 2527 1465 2587 pepe-

1537 2252 1789 2312 fructus
1832 2261 1897 2312 et
1923 2248 2211 2328 crescit,
2250 2255 2390 2314 col.
2424 2276 2473 2316 11
2506 2256 2571 2317 6.

1479 2335 1843 2415 ·Euangelii
1914 2333 2192 2398 historia
2258 2350 2570 2417 quantum

1478 2390 1485 2468 1
1538 2421 1841 2498 temporis
1873 2454 1878 2461 ·
1906 2422 2370 2500 complectatur
2393 2448 2428 2499 ,·

1538 2503 1771 2566 Matth.
1797 2504 2032 2585 praef„
2062 2506 2232 2566 unde
2257 2507 2569 2588 incipiat,

435 2590 568 2663 rit,
617 2589 753 2648 Gal.
778 2604 840 2660 41
870 2607 975 2668 27.
1045 2590 1464 2672 Colligendae
1541 2591 1682 2649 Act.
1733 2610 1787 2650 11
1837 2605 1936 2649 22.
2012 2588 2567 2672 Euangelii-liber

436 2685 501 2733 et
535 2675 891 2734 servandae
921 2673 1248 2734 Ecclesiae
1274 2696 1467 2735 causa

435 2758 655 2817 datum
699 2768 834 2831 est,
882 2759 1024 2835 col.
1070 2777 1121 2818 11
1170 2763 1270 2819 25.
1336 2760 1466 2819 Co-

432 2841 650 2910 mitem
700 2841 896 2902 habet
938 2863 1160 2901 veram
1209 2844 1467 2922 sapien-

434 2927 632 3001 tiam,
680 2927 822 2988 col.
871 2930 927 2987 3:
979 2926 1075 2986 16.
1142 2927 1465 2988 Condem-

434 3019 739 3073 naturum
817 3012 1133 3092 quomodo
1207 3014 1465 3072 dicatur

434 3097 808 3154 incredulos
832 3144 852 3174 ‚
888 3095 1029 3156 Ioh.
1064 3100 1289 3168 12148.
1332 3098 1466 3157 Cur

434 3182 822 3261 pauperibus
864 3189 930 3240 et
963 3180 1310 3240 humilibus
1349 3203 1466 3242 an-

434 3265 883 3337 nuntiatum',·
923 3284 948 3327 1
1010 3264 1177 3326 ‘Con
1245 3285 1296 3326 11
1364 3267 1465 3327 26.

435 3347 568 3407 Cur
597 3348 863 3405 maximi
891 3348 1260 3408 faciendum
1279 3392 1296 3422 ,
1323 3350 1465 3409 1011.

406 3450 536 3491 ·121
607 3433 716 3501 48.
792 3433 949 3489 ἸΙ)111
1026 3434 1463 3493 conscientiae

433 3509 733 3587 sensum}
774 3516 975 3595 Apoc.
1006 3529 1099 3585 141
1136 3536 1241 3594 11,
1283 3517 1465 3578 Rom.

691 3598 897 3658 Etiam
947 3609 1093 3660 ante
1141 3602 1462 3661 excidium

406 3682 1033 3764 'Hierosolymorum
1100 3707 1211 3764 per
1246 3694 1460 3745 totum

434 3768 650 3827 orbem
718 3769 856 3829 sive
905 3768 1079 3826 omni
1127 3779 1460 3830 creaturae

434 3853 869 3931 praedicatum
907 3853 1191 3929 dicitur,
1232 3854 1461 3915 Matth.

436 3951 535 4004 241
605 3950 695 4010 14.
784 3938 908 4001 Per
969 3959 1124 4018 quos
1185 3940 1460 4018 primum

410 4020 750 4091 innotuit,
789 4041 810 4080 1
845 4022 1016 4081 Tim.
1042 4027 1098 4083 3:
1134 4024 1226 4081 16.
1248 4022 1459 4083 'Fruc-

436 4110 560 4158 tum
593 4105 888 4179 producit
912 4125 1068 4165 vere
1097 4118 1423 4168 aeternum
1440 4152 1459 4182 ‚

1539 2694 1653 2732 cur
1673 2674 1879 2752 potius
1895 2671 2077 2755 καινή
2092 2672 2366 2758 διαθήκη
2375 2683 2565 2756 quam

1538 2755 1745 2830 καινὸς
1791 2756 1971 2842 νόμος
2018 2761 2408 2820 Christiauis
2452 2782 2570 2822 ve-

1537 2845 1781 2902 teribus
1860 2848 2220 2925 appelletur
2244 2890 2264 2922 ,
2335 2845 2566 2913 Matth.

1537 2929 1743 3008 praef.
1765 2973 1784 3004 ,
1821 2938 1886 2988 et
1907 2951 2146 2990 novum
2174 2931 2379 3009 potius
2409 2929 2569 2990 Foe-

1540 3014 1656 3072 dus
1693 3011 1878 3092 quam
1920 3015 2395 3080 Testamentum
2436 3014 2570 3071 La-

1537 3097 1675 3156 tine
1704 3098 1995 3174 dicatur,
2019 3099 2178 3158 ibid.
2222 3096 2566 3175 Euangelii

1538 3182 1802 3241 nomine
1832 3182 2148 3260 quomodo
2178 3190 2242 3240 et
2271 3199 2388 3238 cur
2425 3185 2568 3259 ipsa

1537 3265 1813 3324 historia
1852 3265 2097 3326 Christi
2132 3263 2564 3342 inscribatur,

1538 3348 1790 3411 Matth.⁴
1813 3349 2035 3427 praef..
2090 3348 2299 3406 Tituli
2338 3345 2525 3408 huius
2542 3396 2561 3425 ,

1542 3435 1726 3492 libris
1761 3453 1863 3491 res
1889 3430 2135 3491 Christi
2170 3432 2570 3492 continenti·
2629 3437 2644 3448 ”

1509 3551 1516 3556 ·
1537 3518 1654 3577 bus
1674 3516 1976 3596 praefixi,
2007 3517 2381 3596 antiquitas,
2405 3515 2569 3583 ibid.

1538 3601 1877 3680 Euangelii
1924 3621 2102 3677 vox,
2144 3602 2298 3660 item
2351 3601 2568 3661 Euan-

1538 3686 1696 3765 gelii-
1752 3685 1935 3765 regni
1994 3694 2060 3745 et
2103 3686 2275 3764 pacis
2324 3708 2359 3744 a
2406 3687 2565 3746 Pro·

1536 3770 1747 3848 phetis
1775 3771 2035 3851 accepta
2055 3815 2074 3845 ‚
2102 3768 2334 3830 Matth.
2360 3770 2564 3848 praes.

1536 3853 1842 3913 Eiusdem
1927 3855 2166 3934 duplex
2242 3854 2565 3933 significa-

1534 3939 1627 3996 tio
1659 3938 1984 4017 primaria
2028 3949 2095 3999 et
2140 3937 2560 4016 secundaria,

1525 4022 1771 4083 'Mattln
1811 4036 1913 4094 241
1963 4026 2040 4101 3,
2095 4043 2119 4083 1
2163 4022 2318 4082 Cor.
2354 4022 2447 4082 16:
2488 4015 2560 4100 1,

1539 4108 1740 4187 Apoc.
1791 4126 1844 4168 1:
1892 4127 1953 4187 9.
2459 4133 2476 4167 1

406 4204 462 4245 ·1
498 4187 667 4245 Petr.
701 4206 748 4246 11
784 4193 881 4252 25.
953 4189 1161 4250 Habet
1196 4193 1459 4251 ultimae
1497 4191 1841 4273 Euangelii
1878 4191 2297 4250 annunciatio
2333 4197 2431 4248 est
2462 4208 2567 4249 sa·

430 4270 833 4334 necessitatis
918 4281 1063 4333 tuae
1110 4267 1321 4351 ‘tela',
1397 4286 1461 4335 et
1542 4278 1849 4338 orificium
1896 4274 2262 4354 egregium,
2311 4293 2347 4334 2
2395 4272 2561 4333 Tim.

284 4361 329 4412 ⁴.
427 4355 688 4434 quando
739 4354 824 4417 iis
869 4358 965 4415 uti
1014 4359 1250 4436 liceat,
1303 4360 1458 4421 Luc..
1541 4373 1616 4423 21·
1651 4365 1747 4421 15.
1831 4361 2005 4420 Duas
2070 4360 2265 4419 habet
2307 4366 2559 4438 partes,

358 4491 361 4494 .
428 4462 488 4525 33
536 4440 640 4502 56.
726 4439 803 4500 111
850 4442 1267 4504 credentibus
1305 4467 1456 4526 ope-
1534 4445 2032 4526 postulationem
2079 4452 2144 4502 et
2191 4441 2566 4525 promissio·

2379 4545 2522 4584 nem
2545 4569 2562 4599 ,
