2779 5085
639 223 1030 282 RERUM
1124 244 1218 281 ετ
1308 223 1962 290 VERBORFM.

240 384 556 458 roudus,
626 384 791 440 ibid.
898 383 1298 441 Feminarum

242 429 689 564 ludzucaium
725 467 1065 525 ministerii
1109 469 1303 525 statio

2312 255 2396 317 95

1375 386 1422 443 li
1489 384 1769 445 libenter
1828 354 2211 469 arripuerit,
2269 398 2406 455 Act.

1383 472 1633 528 25:12.

245 556 628 614 consistens
670 551 740 609 in
776 553 1074 629 precibus
1112 562 1175 610 et
1209 552 1298 610 ie·
1344 552 1591 613 Festum
1635 554 1819 635 Legis
1855 558 2175 636 quodnam
2210 581 2412 621 voca-

250 639 513 713 inniis,
571 637 724 694 Lne.
772 656 829 695 2:
880 642 985 711 37.
1076 636 1302 695 Earum

258 725 493 782 aditus
574 722 845 779 liberior
913 728 1055 779 erat
1121 740 1303 799 qnam

252 809 659 867 feminarum
698 808 764 862 in
795 805 1096 877 Graecia,
1127 803 1309 864 Rom.

218 941 224 946 .
264 895 372 953 16:
428 909 486 950 Ι.
564 890 970 949 Feminarum
1018 910 1155 948 mos
1200 909 1307 946 ca-

257 976 689 1049 lumniandi,
765 990 790 1033 Ι
863 975 1032 1032 Τί111.
1097 977 1154 1034 3:
1214 990 1309 1033 ΙΙ.

262 1060 681 1122 Feminarum
719 1059 984 1117 nomina
1010 1057 1305 1117 enuntia·

240 1148 515 1210 ‚bantur
550 1144 736 1201 modo
765 1143 1151 1218 simpliciter
1178 1163 1305 1200 mo·

275 1232 358 1289 do
407 1228 833 1299 diminutive,
881 1228 1065 1289 Rom.
1112 1228 1207 1286 16:
1252 1232 1311 1287 3.

273 1313 560 1374 Feminis
630 1312 938 1370 adulteris
1010 1312 1307 1370 Germani

270 1401 496 1458 crines
566 1397 993 1463 accidebant,
1064 1413 1091 1455 1
1161 1396 1311 1454 Cor.

280 1501 379 1545 11:
412 1482 474 1539 6.
542 1480 820 1540 Feminis
854 1481 1128 1539 maxime
1156 1501 1301 1537 con·

274 1568 467 1627 venit
508 1567 714 1645 pudor
748 1569 941 1624 etiam
979 1567 1155 1623 circa
1198 1584 1309 1622 na·

272 1652 524 1710 turales
568 1652 979 1729 voluptates,
1027 1651 1206 1708 Rom.
1254 1667 1306 1709 1:

284 1740 388 1797 25.
466 1735 746 1795 Feminis
796 1737 1026 1795 docere
1071 1735 1140 1792 in
1189 1732 1311 1791 Ec-

276 1821 483 1880 clesia
565 1839 695 1877 non
778 1819 1311 1897 permittebatur,

276 1906 408 1964 nisi
457 1904 730 1982 speciale
774 1906 900 1963 Dei
941 1864 1314 1962 mandatuni

219 2041 232 2048 -
278 1988 622 2061 baberent,
657 2005 681 2047 Ι
718 1989 868 2047 Cor.
900 2007 995 2048 10:
1019 1991 1081 2061 5,
1113 1990 1317 2065 Apoc.

285 2092 342 2133 2:
419 2091 519 2134 20.
606 2072 889 2132 Feminis
958 2073 1029 2130 in
1094 2072 1315 2145 luctu,

280 2167 477 2235 caput
531 2157 676 2216 radi
739 2150 1107 2232 solebat,'1
1165 2156 1317 2214 Cor.

294 2259 394 2303 11:
443 2246 502 2302 5.
578 2241 871 2302 Feminas
915 2250 1137 2320 operto
1181 2261 1318 2300 esse

285 2327 497 2405 capite
534 2327 616 2384 ob
649 2327 957 2405 pudorem
994 2346 1179 2383 sexus
1210 2327 1317 2383 de·

287 2421 427 2489 cet,
479 2427 505 2470 1
559 2411 855 2471 Cor.·11:
899 2432 954 2472 2.
1023 2408 1317 2469 feminas

283 2496 412 2557 viri
438 2494 1012 2575 potentesssonrani
1032 2495 1318 2553 iudicant

289 2591 494 2640 aetate
562 2603 876 2641 annorum
938 2581 1319 2654 duodecim,

296 2666 447 2729 Luc.
498 2684 553 2724 2:
602 2683 705 2737 42.

256 2746 573 2810 Feminini
644 2770 828 2809 sexus
900 2770 1058 2809 vera
1125 2768 1317 2807 orna-

293 2844 508 2893 menta
574 2843 724 2892 sunt
789 2835 999 2914 pudor
1059 2843 1125 2893 et
1185 2853 1322 2891 mo—

296 2920 543 2994 destia,
595 2935 621 2979 1
676 2920 843 2979 Tim.
893 2941 947 2979 2:
998 2941 1057 2998 9.

256 3000 409 3063 Fer-a
450 3005 780 3064 terrestris
828 3004 1068 3062 dicitur
1109 3011 1322 3061 coetus

296 3087 1075 3192 Pseudo-prophetarum,
1120 3090 1324 3163 Apoc.

300 3173 546 3233 16:113.
617 3172 812 3233 Ferae
860 3174 1116 3231 nomine
1158 3172 1320 3232 Bm-

290 3256 656 3318 chochebas
695 3259 1094 3337 appellatur,
1125 3257 1326 3335 ApoC.

304 3351 395 3403 11':
429 3361 489 3418 7.
556 3341 754 3403 Ferae
782 3352 1102 3401 vocantur
1126 3361 1324 3421 regna

1384 640 1621 709 batur,
1693 643 1834 697 Aet.
1901 662 1954 700 Q:
2031 660 2082 701 Ι.
2170 643 2419 705 Festum

1385 722 1758 781 Nativitatis
1810 725 2053 785 Christi
2088 733 2270 789 varie
2309 734 2434 791 ce?

1384 807 1693 865 lebratnm
1721 853 1736 881 ,
1786 810 1943 867 Luc.
1974 832 2026 870 2:
2058 816 2115 869 8.
2162 813 2415 875 Festum

1387 892 1804 950 collectarum
1869 896 1938 952 in
2003 896 2233 955 horrea
2277 900 2416 958 sru-

1384 995 1524 1055 gum
1555 977 1913 1035 vocabatur
1934 980 2165 1038 festum
2193 985 2415 1042 taber-

1385 1061 1762 1119 naculorum
1790 1107 1805 1135 ,
1859 1062 2014 1121 Luc.
2050 1066 2109 1125 6:
2145 1083 2198 1125 Ι.
2269 1067 2425 1127 Fes-·

1382 1155 1513 1202 tum
1563 1145 2130 1207 tabernaculorum
2172 1150 2421 1210 Christi

1388 1230 1659 1307 mystice
1708 1240 1976 1288 sumtum
2023 1235 2172 1309 quid
2218 1236 2421 1316 signi-

1385 1315 1573 1384 ficet,
1633 1313 1771 1372 Iob.
1816 1336 1874 1389 7:
1927 1321 1986 1374 8.
2081 1317 2265 1377 Festa
2311 1321 2422 1379 In-

1386 1358 1684 1455 daeorum
1713 1420 1827 1457 cur
1853 1402 2280 1462 seditionibus
2303 1427 2423 1482 op-

1385 1492 1700 1560 portnna,
1741 1484 1970 1543 Mauh.
2002 1488 2096 1546 26:
2126 1492 2184 1547 5.
2246 1487 2418 1548 Festi

1388 1567 1523 1624 dies
1594 1587 1705 1624 sna
1769 1568 2011 1627 habent
2075 1580 2417 1651 tempma,

1388 1650 1529 1710 loh.
1566 1670 1623 1728 7:
1652 1651 1713 1709 6.
1787 1651 2112 1713 Festorum
2167 1657 2416 1716 dietum

1388 1758 1465 1815 pr
1472 1737 1674 1810 imus,
1709 1737 1966 1794 ultimus
1994 1748 2058 1797 et
2085 1741 2418 1800 sabbatum

1389 1821 1523 1877 otio
1593 1823 2107 1901 peragebantur,
2177 1826 2420 1884 caeteri

1392 1904 1724 1963 laboribus
1788 1909 2122 1989 permissi,
2193 1910 2423 1969 Mauh.

1395 1988 1492 2046 26:
1558 1991 1635 2059 5,
1713 1988 1864 2047 Luc.
1914 1992 1971 2049 6;
2032 2010 2108 2068 Ι,
2173 1994 2309 2052 Iob.
2358 2016 2415 2065 7:

1396 2075 1495 2147 37.
1566 2070 1892 2132 Festorum
1936 2075 2176 2134 dierum
2210 2080 2377 2135 ratio
2404 2124 2422 2150 ,

1394 2155 1623 2214 Matth.
1667 2174 1765 2218 21:
1805 2180 1865 2236 9.
1937 2161 2309 2219 Translatio
2353 2163 2424 2220 in

1396 2240 1574 2299 aliud
1641 2252 1882 2320 tempus
1940 2246 2104 2322 apud
2151 2246 2424 2305 Iudaeos

1393 2327 1711 2402 quomodo
1734 2329 2187 2415 intelligenda,
2195 2331 2427 2390 Mauh.

1395 2410 1625 2484 26:17.
1690 2398 1888 2471 Festis
1939 2416 2160 2471 diebus
2205 2416 2426 2474 ludaei

1393 2494 1463 2552 in
1506 2495 1603 2553 ius
1646 2498 1871 2556 vocari
1916 2520 2043 2557 non
2091 2507 2422 2576 poterant,

1396 2579 1626 2639 Matth.
1675 2583 1771 2641 26:
1823 2604 1897 2656 2,
1943 2588 2002 2642 5.
2072 2585 2276 2643 Plecti
2325 2607 2431 2643 so-

1396 2666 1621 2723 lebant
1652 2668 1815 2745 apud
1845 2668 2117 2727 Iudaeos
2143 2670 2424 2729 sontium

1394 2750 1832 2831 insigniores,
1904 2752 2132 2811 Matth.
2202 2755 2299 2814 26:
2355 2758 2431 2814 ’5.

1404 2834 1672 2893 Romani
1723 2837 2054 2895 Praesides
2097 2837 2427 2897 cohortem

1402 2919 1739 2978 mittebant
1791 2921 1868 2978 ad
1917 2923 2168 2999 Templi
2218 2932 2430 2981 custo-

1399 3002 1613 3074 diam,
1681 3004 1908 3062 Matth.
1958 3007 2054 3063 26·
2102 3010 2223 3079 45,
2286 3009 2429 3066 Act.

1404 3104 1502 3146 21:
1553 3092 1654 3148 31.
1722 3087 1926 3146 Festis
1971 3090 2176 3145 tribus
2225 3092 2434 3146 maxi-

1399 3171 1521 3228 mis
1573 3192 1719 3250 pars
1767 3171 1959 3228 tertia
2006 3192 2087 3230 ex
2137 3173 2428 3258 oppidis,

1398 3256 1568 3313 vicis
1620 3264 1682 3314 et
1731 3255 1899 3335 agris
1944 3257 2080 3314 ibat
2126 3247 2433 3317 Hieroso-

1399 3342 1681 3420 lymam,
1736 3341 1889 3399 Luc.
1935 3363 1989 3402 2:
2037 3355 2142 3412 [21.

297 3427 753 3501 idololatrica,
826 3428 1026 3505 Apoc.
1096 3431 1192 3487 13:
1272 3443 1326 3485 Ι.
1365 3424 1586 3490 Ficus
1616 3427 1972 3507 symbolum
2042 3428 2259 3509 populi
2327 3428 2433 3486 Iu-

302 3508 472 3573 Feris
528 3523 983 3591 comparantur
1030 3512 1211 3604 impii
1265 3519 1326 3568 et

302 3595 541 3676 Reges,
594 3597 751 3656 Luc.
796 3602 892 3657 13:
936 3600 1054 3671 32,
1106 3613 1131 3656 Ι
1178 3597 1325 3656 Cor

310 3686 400 3741 15:
454 3686 572 3757 32,
630 3703 666 3742 2
713 3682 883 3741 Tim.
926 3695 985 3751 4:
1041 3698 1141 3758 17.

267 3763 531 3825 Feralia*
623 3787 758 3825 non
874 3765 1328 3842 attrectanda,

222 3871 225 3876 ·
303 3849 531 3910 Matth.
568 3854 633 3911 Υ83
686 3870 785 3910 22.
852 3869 861 3884 ·
1158 3865 1161 3868 ’

269 3931 665 3994 Fermentum
694 3946 699 3952 ’
727 3932 883 4014 quid
925 3943 1102 3993 recte
1151 3934 1326 3993 dica-

303 4028 449 4096 tur,
499 4020 657 4079 Luc.
688 4036 784 4079 12:
820 4036 892 4093 Ι,
947 4019 1156 4079 ICor'.
1183 4022 1241 4077 5:
1272 4018 1331 4074 6.

306 4066 502 4162 Vetixs
544 4105 698 4184 quid
740 4103 1102 4182 significet,
1130 4102 1292 4161 ibid.

226 4217 235 4230 ¹
272 4184 450 4266 Ferre
476 4211 591 4267 pro
621 4189 906 4259 auferre,
933 4150 1129 4246 Hebiu
1150 4207 1206 4264 9·
1237 4190 1335 4246 28.

309 4271 481 4333 Ferri
525 4295 643 4364 pro
691 4271 1097 4353 exspectari,
1136 4269 1335 4329 Hebr.

313 4357 514 4435 9.16.

272 4436 478 4501 Festus
505 4461 621 4499 cur
633 4440 1154 4520 provocationem
1175 4440 1337 4498 Pau-

1403 3510 2211 3585 daici,Ma1-c.11:1'2,
2281 3512 2436 3570 Luc.

1409 3599 1504 3656 13:
1555 3596 1615 3653 6.
1703 3597 1832 3654 Sub
1897 3597 2023 3655 ficu
2075 3557 2259 3674 agei-e
2305 3596 2437 3675 sig-

1402 3700 1549 3737 num
1613 3681 1955 3764 tranquilli
2007 3679 2244 3754 animi,
2292 3678 2434 3739 Ioh.

1410 3782 1462 3823 1:
1515 3767 1617 3833 48.

1366 3848 1603 3908 Fidelis
1669 3847 1953 3920 dicitur,
2019 3846 2125 3926 qui
2175 3867 2436 3909 munere

1408 3954 1518 3990 suo
1598 3931 2167 4012 benei'ungitur,
2242 3930 2440 3992 Hebr.

1412 4037 1465 4077 2:
1512 4034 1626 4091 17,
1676 4019 1732 4075 3:
1778 4017 1834 4074 2.
1907 4014 2161 4075 Fidelis·
2192 4019 2438 4095 quoties

1411 4100 1851 4184 conveniunt,
1917 4103 2318 4164 conveniunt
2370 4105 2441 4161 in

1414 4184 1657 4245 Christi
1705 4186 2004 4260 nomine,
2061 4199 2085 4246 Ι
2121 4186 2269 4245 Cor.
2295 4190 2352 4247 5:
2387 4192 2446 4246 3.

1412 4271 1579 4330 Sunt
1641 4272 1947 4344 templum
2017 4273 2188 4346 Dei,
2259 4271 2445 4328 Rom.

1417 4371 1513 4427 1¹7}ss
1569 4371 1689 4435 19,
1757 4351 1921 4434 Eph.
1973 4376 2028 4417 2:
2081 4376 2179 4416 22.
2269 4353 2447 4423 Quo·

1413 4440 1603 4500 modo
1659 4439 1730 4498 id
1788 4438 2454 4521 templum·aedifice-

2302 4530 2403 4582 tur
2427 4567 2444 4594 ‚

1877 4605 1904 4634 Ο
