2779 5085
618 227 1009 297 RERUM
1099 252 1201 295 tr
1290 230 1955 313 VEIQBORUM.
2269 256 2394 325 125

191 393 371 459 lovis
422 389 735 453 Latinum
767 411 913 452 esse
955 409 996 452 a
1031 389 1281 454 lebova
1352 389 1545 454 Philo
1567 393 1867 476 gaudium
1899 394 1974 458 in
1998 395 2230 460 animis
2251 401 2397 483 pio'-

232 480 594 541 deductum
691 476 1035 557 probabile
1110 485 1278 555 est,
1350 498 1490 537 rum
1517 521 1537 553 ,
1585 478 1728 538 Gal.
1773 493 1835 551 4:
1882 500 1986 562 29.

232 561 478 625 Matth.
522 579 621 621 22:
666 574 776 632 44.
860 560 1040 622 lovis
1088 562 1280 625 stella
1316 562 1546 623 lsmael
1605 562 1873 625 Philoni
1941 565 2251 649 Sophista
2296 568 2399 630 di-

237 644 723 711 Melchisedeco
744 654 1005 705 sacrata
1024 646 1282 707 aPhoe-
1355 648 1528 706 citur
1552 690 1574 721 ,
1619 648 1761 707 Gal.
1802 662 1863 720 4:
1903 670 2006 731 29.
2076 650 2391 715 Hebraeis

234 731 541 804 uicibus,
587 728 791 790 Hebr.
825 749 884 809 7:
939 750 995 790 1.
1060 732 1282 792 lovem
1357 730 1601 791 dicitur
1644 731 1929 795 irrisisse
1981 734 2287 817 pietatem
2326 739 2397 801 1-

241 836 460 877 secum
500 814 889 875 Mercurium
922 814 1154 875 ducere
1179 837 1284 875 so-
1355 814 1532 875 saaci
1558 859 1578 891 ,
1640 815 1804 877 ibid.
2030 879 2040 890 ‚

240 902 379 962 lore
420 900 659 959 Gentes
698 898 1087 974 credebant,
1136 902 1284 960 Act.
1313 899 1553 960 Ismael
1570 899 1778 960 Phabi
1802 921 1928 981 quo
1952 911 2241 986 tempore
2260 905 2398 966 suf-

242 1000 306 1058 4:
373 1002 478 1044 12.
568 982 692 1043 Per
763 982 984 1044 Iovem
1049 983 1281 1046 Graeci
1354 984 1563 1044 sectus
1613 984 1948 1063 Ananiae,
1993 990 2140 1048 Act.
2163 994 2356 1053 2323.

244 1067 676 1149 sapientiores
716 1069 921 1127 Deum
974 1089 1282 1128 summum
1317 1067 1680 1128 ismaelitae
1727 1078 1794 1129 et
1849 1070 2136 1133 Idumaei
2194 1070 2424 1134 etiam'

245 1154 708 1234 intelligebant
734 1197 753 1228 ,
822 1153 971 1212 Act.
1036 1172 1131 1231 17:
1178 1156 1284 1213 28.
1356 1153 2034 1232 circumcidebantur,
2063 1156 2234 1217 Phil.
2254 1163 2313 1220 3:
2327 1161 2397 1220 5.

243 1241 467 1302 Iovem
528 1258 648 1316 pro
705 1237 891 1296 coelo
951 1236 1083 1297 dici
1149 1237 1280 1299 fre·
1315 1236 1521 1297 lsrael
1544 1246 1682 1313 est,
1726 1239 1836 1318 qui
1861 1241 2067 1301 Deum
2091 1252 2394 1323 superat,

246 1343 449 1405 quens
520 1320 788 1381 Graecis
848 1329 915 1383 et
975 1321 1235 1383 Latinis
1260 1369 1282 1403 ‚

254 1411 400 1468 Act.
446 1427 540 1486 19:
593 1409 720 1481 35,
766 1404 950 1464 Rom.
998 1406 1051 1467 i:
1097 1409 1202 1471 25.

209 1490 352 1553 Irae
402 1489 643 1551 atrocis
690 1489 1043 1571 descriptio
1070 1534 1090 1566 ,
1139 1493 1284 1551 Act.

252 1580 355 1638 23:
407 1595 505 1634 10.
567 1574 737 1635 Iram
769 1572 1111 1636 honestam
1145 1597 1283 1637 esse

247 1681 436 1742 posse
463 1703 482 1734 ,
529 1657 763 1719 Matth.
804 1661 866 1719 5:
917 1678 1020 1720 22.

208 1743 598 1806 iracundiae
676 1742 801 1802 Dei
874 1743 1148 1804 obtentu
1214 1765 1282 1805 se

249 1827 673 1895 vindicantis,
715 1825 998 1907 suspicio
1064 1828 1282 1891 vitan-

250 1913 380 1990 da,
429 1910 590 1973 Luc.
630 1932 692 1993 9:
741 1912 849 1972 56.

206 1996 569 2059 Iracundus
629 1992 961 2083 quis‘sit‚
1045 1996 1281 2059 Matth.

247 2086 310 2143 5:
344 2090 467 2144 ’22.

1354 1320 1427 1381 id
1468 1329 1616 1397 est,
1651 1323 1911 1402 quidvis
1955 1347 1995 1384 a
2035 1327 2178 1386 Deo
2219 1328 2398 1387 obti-

1355 1413 1516 1484 net,
1585 1404 1786 1466 Hebr.
1842 1411 1903 1469 8:
1952 1411 2013 1469 8.
2098 1410 2396 1471 Sumitur

1355 1510 1476 1569 pro
1502 1491 1882 1572 posteritate
1907 1493 2196 1573 Israelis,
2222 1495 2392 1561 ibid.

1362 1573 1489 1633 Ubi
1536 1575 1732 1635 ludae
1790 1579 2140 1656 opponitur
2186 1579 2396 1660 signi-

1355 1658 1511 1718 ficat
1586 1659 1808 1719 decem
1882 1661 2093 1722 tribus
2121 1709 2145 1740 ,
2226 1663 2398 1725 ibid.

1357 1742 1619 1803 Israelis
1653 1765 1891 1805 nomen
1927 1766 1965 1804 a
1991 1746 2126 1807 Deo
2153 1745 2393 1807 Iacobo

1356 1827 1575 1887 datum
1601 1871 1624 1905 ,
1672 1826 1857 1888 Rom.
1898 1851 1955 1909 9:
1994 1843 2060 1901 4.
2123 1831 2388 1892 Israelis

1353 1912 1567 1991 gloria
1612 1932 1728 1972 cur
1770 1913 2039 1976 Messias
2086 1914 2388 1996 dicatur,

1355 1996 1516 2057 Luc·
1556 2014 1615 2056 2:
1666 2000 1770 2058 32·

1310 2079 1650 2142 Israelitae
1693 2101 1778 2141 an
1821 2101 2044 2142 omnes
2089 2083 2231 2142 Deo
2272 2102 2395 2143 ex-

204 2165 411 2227 lrasci
436 2185 798 2245 nunquam,
841 2163 1104 2226 difficile
1141 2173 1277 2243 est,
1353 2164 1494 2240 osi,
1540 2162 1726 2224 Rom.
1777 2184 1872 2227 11:
1921 2185 1978 2226 1.
2060 2165 2278 2239 Quare
2314 2167 2390 2230 in

253 2272 281 2312 1
336 2251 488 2311 Cor.
551 2255 648 2312 13:
696 2251 762 2311 5.
861 2250 1280 2312 irascendum
1352 2250 1653 2330 Aegypto
1671 2248 1874 2310 variis
1899 2250 2215 2314 malorum
2238 2273 2395 2330 poe-

247 2335 482 2410 tarde,
527 2334 658 2395 Iac.
704 2354 757 2396 1:
810 2354 908 2414 19.

1348 2334 1454 2395 nis
1482 2333 1787 2411 coerciti,
1813 2333 1956 2394 Gal.
1983 2339 2041 2398 3:
2078 2353 2174 2415 19.
2235 2314 2393 2396 Sae-

203 2419 462 2482 Irenaei
498 2418 658 2479 libri
706 2419 886 2478 cuius
923 2417 1059 2480 sint
1094 2440 1284 2502 argu·
1348 2440 1432 2501 pe
1480 2419 1747 2495 moniti,
1795 2440 1877 2480 ne
1926 2420 2242 2500 Angelum
2290 2421 2393 2481 of-

246 2503 497 2580 menti,
551 2522 577 2564 1
627 2504 798 2572 Tim.
843 2503 902 2564 6:
952 2522 1057 2567 20.

206 2589 600 2653 Irenarchae
623 2590 694 2649 in
719 2588 1088 2650 Provinciis
1130 2609 1283 2670 cap-

247 2677 422 2734 tivos
494 2682 640 2754 post
702 2674 1283 2755 interrogationem

251 2759 334 2819 ad
369 2757 738 2819 Praesidem
771 2758 1030 2820 vinctos
1066 2757 1282 2818 mitte-

251 2844 412 2903 bant
437 2887 459 2918 ,
503 2841 737 2903 Matth.
776 2862 876 2919 27:
928 2861 992 2903 2.

205 2928 333 2991 Iris
384 2927 714 2987 cuiusnam
758 2926 856 2988 rei
901 2926 989 2987 sit
1022 2927 1284 3007 symbo-

248 3013 378 3072 lum
404 3057 427 3090 ‚
506 3010 710 3072 Hebr.
780 3031 834 3074 1:
905 3016 947 3075 3
968 3057 991 3091 ,
1079 3013 1281 3094 Apoc.

207 3180 465 3244 Isaacus
504 3179 625 3241 Dei
664 3200 823 3260 opus
847 3224 869 3256 ,
912 3178 1098 3239 Rom.
1131 3199 1190 3259 9:
1217 3200 1281 3259 9.

252 3265 518 3346 Propter
554 3265 873 3345 promissa
899 3265 1083 3324 datus
1102 3308 1119 3338 ,
1145 3285 1279 3324 non

255 3358 461 3410 autem
482 3349 799 3429 promissa
819 3358 1086 3431 propter
1106 3350 1283 3409 Isaa-

255 3456 437 3514 cum,
483 3435 630 3495 Act.
654 3455 712 3513 7:
739 3438 801 3494 8.
856 3432 1100 3494 Umbra
1133 3453 1281 3514 gra-

249 3519 378 3579 tiae
400 3540 517 3600 per
541 3519 967 3600 Euangelium
992 3517 1278 3594 dandae,

250 3604 412 3664 ibid.
481 3603 727 3666 ehi-isti
751 3603 952 3685 gessit
973 3603 1239 3684 figuram
1258 3648 1280 3681 ,

206 3686 214 3695 ’
255 3688 415 3750 Luc.
475 3701 576 3760 24:
643 3689 768 3764 26,
838 3687 982 3747 Gal.
1046 3691 1105 3749 3:
1184 3686 1282 3746 16.

252 3773 564 3853 Improles
619 3772 813 3833 morti
869 3771 1234 3833 destinatur
1258 3815 1279 3845 ,

253 3856 453 3918 Hebr.
519 3876 616 3919 11:
671 3860 767 3917 18.
853 3856 1028 3930 Quid
1090 3877 1282 3935 supra

1347 2504 1698 2565 fenderent
1723 2547 1743 2579 ,
1781 2501 1833 2565 E
1840 2502 1947 2585 ph.
1970 2518 2032 2577 4:
2061 2508 2165 2570 30.
2220 2504 2391 2566 Rec-

1351 2597 1416 2650 te
1464 2589 1773 2650 dicuntur
1792 2634 1814 2665 ‚
1861 2591 1973 2671 qui
2000 2590 2222 2652 Iacobi
2246 2591 2391 2650 vir-

1349 2683 1521 2736 tutes
1559 2673 1858 2735 referunt
1878 2720 1901 2752 ,
1965 2675 2107 2736 lob.
2159 2695 2215 2739 1:
2257 2688 2335 2755 47
2362 2715 2385 2752 ,

1353 2759 1496 2819 Gal.
1560 2759 1620 2819 6:
1696 2759 1795 2818 16.
1904 2759 2242 2821 ῙεταόΙίἱιο
2320 2768 2388 2820 et

1354 2841 1718 2903 Christiani
1753 2864 1868 2904 cur
1900 2854 2222 2905 vocentur
2261 2843 2411 2908 filii.

1351 2927 1478 2986 Dei
1504 2972 1525 3002 ,
1578 2926 1759 2985 Rom.
1793 2949 1854 3006 9:
1895 2941 1936 2999 4
1961 2973 1983 3004 ‚
2030 2929 2172 2988 Gal.
2195 2932 2253 2991 3:
2281 2929 2386 2990 26.

1352 3010 1796 3071 ΙπειόΙίῐπιιω
1833 3032 1977 3090 pars
2004 3013 2200 3072 certis
2223 3021 2391 3076 tem-

1348 3094 1616 3174 poribus
1664 3094 1748 3154 ad
1777 3095 2097 3174 „templum
2145 3116 2391 3155 conve·

1349 3178 1537 3239 niens
1563 3178 1862 3257 precibus
1885 3177 2198 3254 vacabat,
2227 3178 2389 3239 Luc.

1352 3282 1412 3323 2:
1461 3266 1565 3339 37.
1630 3263 2130 3342 Deportatorum
2157 3263 2236 3323 ab
2265 3265 2391 3324 As·-

1351 3342 1550 3427 syriis
1577 3347 1784 3409 cultus
1804 3393 1826 3424 ,
1868 3347 2276 3429 praeparatio
2303 3347 2390 3408 ad

1350 3432 1832 3522 Euangelium,
1887 3430 2089 3493 Hebr.
2135 3438 2231 3496 13:
2286 3434 2388 3494 15.

1352 3515 1726 3577 Eorundem
1770 3516 2122 3598 prostratio
2156 3518 2231 3578 in
2276 3517 2392 3578 de·-

1355 3610 1533 3661 serto
1577 3602 1827 3662 aeterni
1861 3601 2104 3663 excidii
2137 3601 2388 3681 imago,

1358 3703 1387 3746 1
1445 3686 1599 3748 cor.
1650 3704 1747 3747 10:
1782 3690 1848 3747 5.
1909 3685 2091 3746 Nube
2132 3694 2390 3766 protec-

1351 3778 1567 3829 torum
1591 3779 1657 3830 et
1680 3791 1855 3831 mare
1879 3769 2143 3830 rubrum
2166 3778 2393 3828 trana-

1353 3853 1644 3915 euntium
1746 3875 1886 3926 cum
1993 3853 2389 3915 Christiania

249 3951 537 4004 caeteros
559 3940 896 4013 habuerit,
925 3941 1073 4002 Act.
1098 3940 1197 4002 26:
1220 3940 1282 3998 6.
1355 3937 1800 4018 comparatio,
1852 3958 1879 3997 1
1931 3938 2083 3999 Cor.
2124 3956 2222 4000 10:
2273 3956 2332 4000 Ι.

250 4024 456 4087 Isaaci
537 4034 993 4086 testamentum
1074 4025 1282 4104 figura
1315 4021 1616 4083 Israelita
1653 4044 1847 4096 verus
1888 4023 2100 4084 omnis
2134 4033 2386 4105 partem

336 4110 470 4190 puli
508 4110 758 4171 Iudaici
790 4121 855 4173 et
884 4108 1277 4184 Christiani,
1351 4106 1624 4168 habebit
1696 4107 1769 4167 in
1827 4106 2048 4169 futuro
2117 4110 2386 4187 seculo,

249 4131 449 4256 ffibr.
511 4214 604 4256 11:
667 4215 770 4257 20.
855 4195 1011 4254 Eius
1073 4191 1281 4252 histo·
1326 4191 1540 4252 -R0m.
1588 4210 1682 4253 11:
1731 4192 1877 4254 26„
1924 4189 2227 4254 Israelita
2289 4194 2391 4255 di-

247 4280 405 4339 riam
457 4300 574 4342 cur
616 4281 828 4354 Moses
862 4278 1112 4359 legibus
1152 4276 1279 4336 suis
1353 4271 1521 4337 citur
1576 4277 1856 4358 quilibet
1899 4277 2109 4339 fidelis
2135 4323 2157 4356 ,
2227 4278 2389 4338 Luc.

246 4365 740 4446 praeposuerit,
809 4365 991 4424 Rom.
1047 4375 1107 4432 4:
1178 4364 1279 4422 23.
1356 4379 1413 4423 1:
1463 4364 1566 4423 33.
2125 4425 2130 4429 .

216 4447 537 4532 ¹Isaacum
616 4446 893 4529 'mystice
964 4446 1281 4527 intelligit
1312 4441 1646 4510 Israelitae
1694 4467 1927 4507 nomen
1973 4444 2388 4542 quibusexi-

1597 4543 1604 4550 ·
2259 4549 2386 4588 mie
