<?xml version="1.0" encoding="UTF-8"?>
<!DOCTYPE html PUBLIC "-//W3C//DTD XHTML 1.0 Transitional//EN"
    "http://www.w3.org/TR/xhtml1/DTD/xhtml1-transitional.dtd">
<html xmlns="http://www.w3.org/1999/xhtml" xml:lang="en" lang="en">
 <head>
  <title>
</title>
<meta http-equiv="Content-Type" content="text/html;charset=utf-8" />
  <meta name='ocr-system' content='tesseract 3.04.00' />
  <meta name='ocr-capabilities' content='ocr_page ocr_carea ocr_par ocr_line ocrx_word'/>
</head>
<body>
  <div class='ocr_page' id='page_1' title='image "./annotationesinn00grotgoog_0184.png"; bbox 0 0 2779 5085; ppageno 0'>
   <div class='ocr_carea' id='block_1_1' title="bbox 371 188 2538 604">
    <p class='ocr_par' dir='ltr' id='par_1_1' title="bbox 371 188 2538 604">
     <span class='ocr_line' id='line_1_1' title="bbox 371 188 1718 277; baseline -0.009 -15"><span class='ocrx_word' id='word_1_1' title='bbox 371 215 490 277; x_wconf 84' lang='lat'><strong>170</strong></span> <span class='ocrx_word' id='word_1_2' title='bbox 1187 192 1216 257; x_wconf 86' lang='lat'>1</span> <span class='ocrx_word' id='word_1_3' title='bbox 1288 191 1343 253; x_wconf 83' lang='lat' dir='ltr'>N</span> <span class='ocrx_word' id='word_1_4' title='bbox 1414 188 1471 250; x_wconf 82' lang='lat' dir='ltr'>D</span> <span class='ocrx_word' id='word_1_5' title='bbox 1540 188 1591 252; x_wconf 77' lang='lat' dir='ltr'><strong>E</strong></span> <span class='ocrx_word' id='word_1_6' title='bbox 1661 190 1718 250; x_wconf 86' lang='lat' dir='ltr'>X</span> 
     </span>
     <span class='ocr_line' id='line_1_2' title="bbox 395 349 2537 434; baseline 0.001 -17"><span class='ocrx_word' id='word_1_7' title='bbox 395 353 536 417; x_wconf 84' lang='lat' dir='ltr'><strong>Iob.</strong></span> <span class='ocrx_word' id='word_1_8' title='bbox 589 371 683 417; x_wconf 72' lang='grc' dir='ltr'><strong>ιοε</strong></span> <span class='ocrx_word' id='word_1_9' title='bbox 734 352 837 417; x_wconf 85' lang='grc'><strong>25.</strong></span> <span class='ocrx_word' id='word_1_10' title='bbox 921 350 1135 434; x_wconf 76' lang='lat' dir='ltr'><strong>Opera</strong></span> <span class='ocrx_word' id='word_1_11' title='bbox 1192 372 1419 433; x_wconf 88' lang='lat' dir='ltr'><strong>corpo·</strong></span> <span class='ocrx_word' id='word_1_12' title='bbox 1457 349 1750 430; x_wconf 80' lang='lat' dir='ltr'><strong>Optimus</strong></span> <span class='ocrx_word' id='word_1_13' title='bbox 1793 349 1980 433; x_wconf 85' lang='lat' dir='ltr'><strong>quis,</strong></span> <span class='ocrx_word' id='word_1_14' title='bbox 2028 351 2261 415; x_wconf 82' lang='lat' dir='ltr'><strong>Matth.</strong></span> <span class='ocrx_word' id='word_1_15' title='bbox 2305 357 2402 416; x_wconf 81' lang='lat'><strong>18:</strong></span> <span class='ocrx_word' id='word_1_16' title='bbox 2432 377 2537 420; x_wconf 86' lang='grc'><strong>22.</strong></span> 
     </span>
     <span class='ocr_line' id='line_1_3' title="bbox 390 435 2538 519; baseline 0 -19"><span class='ocrx_word' id='word_1_17' title='bbox 390 440 487 501; x_wconf 87' lang='lat' dir='ltr'><strong>ris</strong></span> <span class='ocrx_word' id='word_1_18' title='bbox 557 438 885 519; x_wconf 85' lang='lat' dir='ltr'><strong>quaelibet</strong></span> <span class='ocrx_word' id='word_1_19' title='bbox 957 458 1097 497; x_wconf 88' lang='lat' dir='ltr'><strong>cum</strong></span> <span class='ocrx_word' id='word_1_20' title='bbox 1166 436 1293 496; x_wconf 84' lang='lat' dir='ltr'><strong>fide</strong></span> <span class='ocrx_word' id='word_1_21' title='bbox 1358 446 1424 498; x_wconf 88' lang='lat' dir='ltr'><strong>et</strong></span> <span class='ocrx_word' id='word_1_22' title='bbox 1497 435 1792 515; x_wconf 86' lang='lat' dir='ltr'><strong>Optimus</strong></span> <span class='ocrx_word' id='word_1_23' title='bbox 1869 436 2204 518; x_wconf 79' lang='lat' dir='ltr'><strong>dignitatis</strong></span> <span class='ocrx_word' id='word_1_24' title='bbox 2280 442 2538 519; x_wconf 90' lang='lat' dir='ltr'><strong>epithe-</strong></span> 
     </span>
     <span class='ocr_line' id='line_1_4' title="bbox 388 520 2535 604; baseline 0.001 -20"><span class='ocrx_word' id='word_1_25' title='bbox 388 524 735 584; x_wconf 84' lang='lat' dir='ltr'><strong>dilectione</strong></span> <span class='ocrx_word' id='word_1_26' title='bbox 805 532 977 582; x_wconf 84' lang='lat' dir='ltr'><strong>stare</strong></span> <span class='ocrx_word' id='word_1_27' title='bbox 1058 542 1192 581; x_wconf 92' lang='lat' dir='ltr'><strong>non</strong></span> <span class='ocrx_word' id='word_1_28' title='bbox 1276 543 1419 601; x_wconf 87' lang='lat' dir='ltr'><strong>pos·</strong></span> <span class='ocrx_word' id='word_1_29' title='bbox 1495 528 1656 596; x_wconf 88' lang='lat' dir='ltr'><strong>ton,</strong></span> <span class='ocrx_word' id='word_1_30' title='bbox 1706 520 1865 581; x_wconf 91' lang='lat' dir='ltr'><strong>Luc.</strong></span> <span class='ocrx_word' id='word_1_31' title='bbox 1897 526 2039 584; x_wconf 75' lang='lat'><strong>123.</strong></span> <span class='ocrx_word' id='word_1_32' title='bbox 2103 523 2346 604; x_wconf 84' lang='lat' dir='ltr'><strong>Optimi</strong></span> <span class='ocrx_word' id='word_1_33' title='bbox 2383 547 2535 587; x_wconf 86' lang='lat' dir='ltr'><strong>cor-</strong></span> 
     </span>
    </p>
   </div>
   <div class='ocr_carea' id='block_1_2' title="bbox 390 603 2648 686">
    <p class='ocr_par' dir='ltr' id='par_1_2' title="bbox 390 603 2648 686">
     <span class='ocr_line' id='line_1_5' title="bbox 390 603 2648 686; baseline -0.002 -17"><span class='ocrx_word' id='word_1_34' title='bbox 390 618 584 683; x_wconf 88' lang='lat' dir='ltr'><strong>sunt,</strong></span> <span class='ocrx_word' id='word_1_35' title='bbox 636 627 672 667; x_wconf 95' lang='grc'><strong>2</strong></span> <span class='ocrx_word' id='word_1_36' title='bbox 718 607 892 668; x_wconf 89' lang='lat' dir='ltr'><strong>Petr.</strong></span> <span class='ocrx_word' id='word_1_37' title='bbox 938 609 996 668; x_wconf 77' lang='lat'><strong>3:</strong></span> <span class='ocrx_word' id='word_1_38' title='bbox 1052 606 1149 666; x_wconf 83' lang='lat'><strong>16.</strong></span> <span class='ocrx_word' id='word_1_39' title='bbox 1218 605 1422 666; x_wconf 83' lang='lat' dir='ltr'><strong>Ante·</strong></span> <span class='ocrx_word' id='word_1_40' title='bbox 1495 603 1717 683; x_wconf 90' lang='lat' dir='ltr'><strong>ruptio</strong></span> <span class='ocrx_word' id='word_1_41' title='bbox 1760 606 2078 686; x_wconf 86' lang='lat' dir='ltr'><strong>pessima,</strong></span> <span class='ocrx_word' id='word_1_42' title='bbox 2111 609 2269 668; x_wconf 89' lang='lat' dir='ltr'><strong>Luc.</strong></span> <span class='ocrx_word' id='word_1_43' title='bbox 2300 622 2393 680; x_wconf 81' lang='lat'><strong>14:</strong></span> <span class='ocrx_word' id='word_1_44' title='bbox 2426 621 2534 683; x_wconf 73' lang='lat'><strong>54.</strong></span> <span class='ocrx_word' id='word_1_45' title='bbox 2642 660 2648 665; x_wconf 86' lang='lat'><strong>.</strong></span> 
     </span>
    </p>
   </div>
   <div class='ocr_carea' id='block_1_3' title="bbox 385 687 2535 1195">
    <p class='ocr_par' dir='ltr' id='par_1_3' title="bbox 388 687 2535 858">
     <span class='ocr_line' id='line_1_6' title="bbox 393 687 2535 771; baseline 0.001 -18"><span class='ocrx_word' id='word_1_46' title='bbox 393 691 694 753; x_wconf 76' lang='lat' dir='ltr'>cedentia</span> <span class='ocrx_word' id='word_1_47' title='bbox 788 700 855 751; x_wconf 90' lang='lat' dir='ltr'><strong>et</strong></span> <span class='ocrx_word' id='word_1_48' title='bbox 957 691 1420 771; x_wconf 75' lang='lat' dir='ltr'><strong>consequentia</strong></span> <span class='ocrx_word' id='word_1_49' title='bbox 1495 687 1739 768; x_wconf 85' lang='lat' dir='ltr'><strong>Optimi</strong></span> <span class='ocrx_word' id='word_1_50' title='bbox 1784 711 1996 752; x_wconf 89' lang='lat' dir='ltr'><strong>sumus</strong></span> <span class='ocrx_word' id='word_1_51' title='bbox 2046 694 2194 752; x_wconf 87' lang='lat' dir='ltr'><strong>dum</strong></span> <span class='ocrx_word' id='word_1_52' title='bbox 2234 695 2535 755; x_wconf 80' lang='lat' dir='ltr'><strong>infirma-</strong></span> 
     </span>
     <span class='ocr_line' id='line_1_7' title="bbox 388 773 2212 858; baseline 0 -22"><span class='ocrx_word' id='word_1_53' title='bbox 388 777 818 851; x_wconf 88' lang='lat' dir='ltr'><strong>munditiem,</strong></span> <span class='ocrx_word' id='word_1_54' title='bbox 912 773 1066 834; x_wconf 90' lang='lat' dir='ltr'><strong>Luc.</strong></span> <span class='ocrx_word' id='word_1_55' title='bbox 1155 793 1246 835; x_wconf 85' lang='lat'><strong>10:</strong></span> <span class='ocrx_word' id='word_1_56' title='bbox 1315 789 1419 848; x_wconf 87' lang='grc' dir='ltr'><strong>4ι.</strong></span> <span class='ocrx_word' id='word_1_57' title='bbox 1495 793 1675 850; x_wconf 88' lang='lat' dir='ltr'><strong>mur,</strong></span> <span class='ocrx_word' id='word_1_58' title='bbox 1727 794 1765 835; x_wconf 99' lang='grc'><strong>2</strong></span> <span class='ocrx_word' id='word_1_59' title='bbox 1811 776 1962 837; x_wconf 86' lang='lat' dir='ltr'><strong>Cor.</strong></span> <span class='ocrx_word' id='word_1_60' title='bbox 2009 796 2102 838; x_wconf 79' lang='lat'><strong>12:</strong></span> <span class='ocrx_word' id='word_1_61' title='bbox 2150 799 2212 858; x_wconf 85' lang='grc'><strong>9.</strong></span> 
     </span>
    </p>

    <p class='ocr_par' dir='ltr' id='par_1_4' title="bbox 385 857 2530 1195">
     <span class='ocr_line' id='line_1_8' title="bbox 388 857 2530 943; baseline 0.001 -22"><span class='ocrx_word' id='word_1_62' title='bbox 388 862 648 923; x_wconf 85' lang='lat' dir='ltr'><strong>Piorum</strong></span> <span class='ocrx_word' id='word_1_63' title='bbox 750 861 927 941; x_wconf 85' lang='lat' dir='ltr'><strong>ipsos</strong></span> <span class='ocrx_word' id='word_1_64' title='bbox 1020 867 1418 940; x_wconf 85' lang='lat' dir='ltr'><strong>sequuntur,</strong></span> <span class='ocrx_word' id='word_1_65' title='bbox 1454 857 1845 937; x_wconf 85' lang='lat' dir='ltr'><strong>Opulentia,</strong></span> <span class='ocrx_word' id='word_1_66' title='bbox 1916 862 2153 922; x_wconf 86' lang='lat' dir='ltr'><strong>bonum</strong></span> <span class='ocrx_word' id='word_1_67' title='bbox 2204 871 2530 943; x_wconf 87' lang='lat' dir='ltr'><strong>tempora-</strong></span> 
     </span>
     <span class='ocr_line' id='line_1_9' title="bbox 396 942 2526 1027; baseline 0 -21"><span class='ocrx_word' id='word_1_68' title='bbox 396 946 548 1006; x_wconf 86' lang='lat' dir='ltr'><strong>Luc.</strong></span> <span class='ocrx_word' id='word_1_69' title='bbox 617 948 713 1006; x_wconf 81' lang='lat'><strong>23:</strong></span> <span class='ocrx_word' id='word_1_70' title='bbox 784 948 888 1016; x_wconf 82' lang='lat'><strong>43.</strong></span> <span class='ocrx_word' id='word_1_71' title='bbox 978 942 1173 1004; x_wconf 86' lang='lat' dir='ltr'><strong>Nulla</strong></span> <span class='ocrx_word' id='word_1_72' title='bbox 1243 945 1417 1005; x_wconf 91' lang='lat' dir='ltr'><strong>Deus</strong></span> <span class='ocrx_word' id='word_1_73' title='bbox 1491 943 1589 1018; x_wconf 91' lang='lat' dir='ltr'><strong>le,</strong></span> <span class='ocrx_word' id='word_1_74' title='bbox 1634 943 1707 1003; x_wconf 91' lang='lat' dir='ltr'><strong>in</strong></span> <span class='ocrx_word' id='word_1_75' title='bbox 1745 964 1893 1004; x_wconf 88' lang='lat' dir='ltr'><strong>usus</strong></span> <span class='ocrx_word' id='word_1_76' title='bbox 1932 967 2284 1027; x_wconf 87' lang='lat' dir='ltr'><strong>pauperum</strong></span> <span class='ocrx_word' id='word_1_77' title='bbox 2318 951 2526 1008; x_wconf 82' lang='lat' dir='ltr'><strong>colla-</strong></span> 
     </span>
     <span class='ocr_line' id='line_1_10' title="bbox 385 1028 2526 1112; baseline 0.002 -23"><span class='ocrx_word' id='word_1_78' title='bbox 385 1032 619 1112; x_wconf 88' lang='lat' dir='ltr'><strong>probat</strong></span> <span class='ocrx_word' id='word_1_79' title='bbox 658 1029 778 1088; x_wconf 90' lang='lat' dir='ltr'><strong>nisi</strong></span> <span class='ocrx_word' id='word_1_80' title='bbox 816 1031 978 1089; x_wconf 83' lang='lat' dir='ltr'><strong>liant</strong></span> <span class='ocrx_word' id='word_1_81' title='bbox 1011 1030 1227 1089; x_wconf 88' lang='lat' dir='ltr'><strong>animo</strong></span> <span class='ocrx_word' id='word_1_82' title='bbox 1255 1030 1416 1089; x_wconf 86' lang='lat' dir='ltr'><strong>bene</strong></span> <span class='ocrx_word' id='word_1_83' title='bbox 1491 1036 1557 1086; x_wconf 83' lang='lat' dir='ltr'><strong>ta</strong></span> <span class='ocrx_word' id='word_1_84' title='bbox 1577 1073 1598 1106; x_wconf 83' lang='lat'><strong>,</strong></span> <span class='ocrx_word' id='word_1_85' title='bbox 1625 1028 1699 1088; x_wconf 86' lang='lat' dir='ltr'><strong>fit</strong></span> <span class='ocrx_word' id='word_1_86' title='bbox 1722 1029 2054 1110; x_wconf 73' lang='lat' dir='ltr'><strong>spirituale</strong></span> <span class='ocrx_word' id='word_1_87' title='bbox 2077 1076 2094 1104; x_wconf 89' lang='lat'><strong>,</strong></span> <span class='ocrx_word' id='word_1_88' title='bbox 2124 1032 2308 1091; x_wconf 88' lang='lat' dir='ltr'><strong>Rom.</strong></span> <span class='ocrx_word' id='word_1_89' title='bbox 2338 1052 2430 1093; x_wconf 84' lang='lat'><strong>12:</strong></span> <span class='ocrx_word' id='word_1_90' title='bbox 2460 1038 2526 1094; x_wconf 89' lang='lat'><strong>8.</strong></span> 
     </span>
     <span class='ocr_line' id='line_1_11' title="bbox 386 1110 2525 1195; baseline 0.001 -20"><span class='ocrx_word' id='word_1_91' title='bbox 386 1114 766 1188; x_wconf 83' lang='lat' dir='ltr'><strong>emendato,</strong></span> <span class='ocrx_word' id='word_1_92' title='bbox 819 1113 1000 1173; x_wconf 82' lang='lat' dir='ltr'><strong>Rom.</strong></span> <span class='ocrx_word' id='word_1_93' title='bbox 1048 1132 1104 1175; x_wconf 80' lang='lat'><strong>2:</strong></span> <span class='ocrx_word' id='word_1_94' title='bbox 1154 1118 1255 1176; x_wconf 83' lang='grc'><strong>25.</strong></span> <span class='ocrx_word' id='word_1_95' title='bbox 1301 1115 1416 1177; x_wconf 87' lang='lat' dir='ltr'><strong>Pia</strong></span> <span class='ocrx_word' id='word_1_96' title='bbox 1453 1110 1739 1172; x_wconf 78' lang='lat' dir='ltr'><strong>Oracula</strong></span> <span class='ocrx_word' id='word_1_97' title='bbox 1782 1135 1943 1193; x_wconf 83' lang='lat' dir='ltr'><strong>quae</strong></span> <span class='ocrx_word' id='word_1_98' title='bbox 2003 1118 2256 1195; x_wconf 88' lang='lat' dir='ltr'><strong>penitus</strong></span> <span class='ocrx_word' id='word_1_99' title='bbox 2310 1119 2525 1177; x_wconf 88' lang='lat' dir='ltr'><strong>animo</strong></span> 
     </span>
    </p>
   </div>
   <div class='ocr_carea' id='block_1_4' title="bbox 380 1199 1417 1785">
    <p class='ocr_par' dir='ltr' id='par_1_5' title="bbox 380 1199 1417 1785">
     <span class='ocr_line' id='line_1_12' title="bbox 381 1199 1417 1278; baseline -0.001 -19"><span class='ocrx_word' id='word_1_100' title='bbox 381 1199 713 1259; x_wconf 84' lang='lat' dir='ltr'><strong>hominum</strong></span> <span class='ocrx_word' id='word_1_101' title='bbox 746 1208 934 1257; x_wconf 89' lang='lat' dir='ltr'><strong>antea</strong></span> <span class='ocrx_word' id='word_1_102' title='bbox 964 1199 1305 1278; x_wconf 91' lang='lat' dir='ltr'><strong>impiorum</strong></span> <span class='ocrx_word' id='word_1_103' title='bbox 1336 1200 1417 1259; x_wconf 86' lang='lat' dir='ltr'><strong>ad</strong></span> 
     </span>
     <span class='ocr_line' id='line_1_13' title="bbox 382 1282 1413 1363; baseline 0 -20"><span class='ocrx_word' id='word_1_104' title='bbox 382 1302 676 1363; x_wconf 86' lang='lat' dir='ltr'><strong>magnam</strong></span> <span class='ocrx_word' id='word_1_105' title='bbox 706 1282 982 1342; x_wconf 86' lang='lat' dir='ltr'><strong>Divinae</strong></span> <span class='ocrx_word' id='word_1_106' title='bbox 1002 1285 1250 1362; x_wconf 81' lang='lat' dir='ltr'><strong>gratiae</strong></span> <span class='ocrx_word' id='word_1_107' title='bbox 1273 1285 1413 1343; x_wconf 83' lang='lat' dir='ltr'><strong>lau·</strong></span> 
     </span>
     <span class='ocr_line' id='line_1_14' title="bbox 384 1366 1416 1444; baseline 0 -17"><span class='ocrx_word' id='word_1_108' title='bbox 384 1369 528 1428; x_wconf 87' lang='lat' dir='ltr'><strong>dem</strong></span> <span class='ocrx_word' id='word_1_109' title='bbox 575 1367 975 1444; x_wconf 84' lang='lat' dir='ltr'><strong>redundant,</strong></span> <span class='ocrx_word' id='word_1_110' title='bbox 1023 1366 1193 1428; x_wconf 88' lang='lat' dir='ltr'><strong>Phil.</strong></span> <span class='ocrx_word' id='word_1_111' title='bbox 1232 1388 1282 1428; x_wconf 83' lang='lat'><strong>1:</strong></span> <span class='ocrx_word' id='word_1_112' title='bbox 1320 1386 1416 1427; x_wconf 88' lang='grc' dir='ltr'><strong>ιι.</strong></span> 
     </span>
     <span class='ocr_line' id='line_1_15' title="bbox 387 1451 1414 1528; baseline 0.001 -17"><span class='ocrx_word' id='word_1_113' title='bbox 387 1451 817 1528; x_wconf 86' lang='lat' dir='ltr'><strong>Dilectionis,</strong></span> <span class='ocrx_word' id='word_1_114' title='bbox 882 1472 920 1510; x_wconf 87' lang='lat' dir='ltr'><strong>a</strong></span> <span class='ocrx_word' id='word_1_115' title='bbox 969 1451 1106 1512; x_wconf 93' lang='lat' dir='ltr'><strong>Deo</strong></span> <span class='ocrx_word' id='word_1_116' title='bbox 1153 1461 1223 1511; x_wconf 91' lang='lat' dir='ltr'><strong>ut</strong></span> <span class='ocrx_word' id='word_1_117' title='bbox 1265 1454 1414 1512; x_wconf 86' lang='lat' dir='ltr'><strong>finis</strong></span> 
     </span>
     <span class='ocr_line' id='line_1_16' title="bbox 381 1534 1414 1617; baseline -0.001 -20"><span class='ocrx_word' id='word_1_118' title='bbox 381 1543 761 1617; x_wconf 71' lang='lat' dir='ltr'><strong>spectantur</strong></span> <span class='ocrx_word' id='word_1_119' title='bbox 845 1534 920 1595; x_wconf 90' lang='lat' dir='ltr'><strong>in</strong></span> <span class='ocrx_word' id='word_1_120' title='bbox 1005 1536 1414 1597; x_wconf 72' lang='lat' dir='ltr'><strong>remittendis</strong></span> 
     </span>
     <span class='ocr_line' id='line_1_17' title="bbox 383 1619 1415 1704; baseline 0 -23"><span class='ocrx_word' id='word_1_121' title='bbox 383 1621 707 1704; x_wconf 89' lang='lat' dir='ltr'><strong>peccatis,</strong></span> <span class='ocrx_word' id='word_1_122' title='bbox 776 1619 935 1680; x_wconf 88' lang='lat' dir='ltr'><strong>Luc.</strong></span> <span class='ocrx_word' id='word_1_123' title='bbox 997 1641 1057 1700; x_wconf 86' lang='lat'><strong>7:</strong></span> <span class='ocrx_word' id='word_1_124' title='bbox 1128 1635 1234 1697; x_wconf 84' lang='grc'><strong>47.</strong></span> <span class='ocrx_word' id='word_1_125' title='bbox 1324 1621 1415 1681; x_wconf 84' lang='grc' dir='ltr'><strong>Εει</strong></span> 
     </span>
     <span class='ocr_line' id='line_1_18' title="bbox 380 1704 1411 1785; baseline 0.002 -22"><span class='ocrx_word' id='word_1_126' title='bbox 380 1725 541 1785; x_wconf 91' lang='lat' dir='ltr'><strong>quae</strong></span> <span class='ocrx_word' id='word_1_127' title='bbox 587 1725 669 1764; x_wconf 77' lang='lat' dir='ltr'><strong>ex</strong></span> <span class='ocrx_word' id='word_1_128' title='bbox 715 1704 841 1764; x_wconf 82' lang='lat' dir='ltr'><strong>fide</strong></span> <span class='ocrx_word' id='word_1_129' title='bbox 901 1715 1259 1766; x_wconf 88' lang='lat' dir='ltr'><strong>nascuntur</strong></span> <span class='ocrx_word' id='word_1_130' title='bbox 1304 1708 1411 1767; x_wconf 87' lang='lat' dir='ltr'><strong>de-</strong></span> 
     </span>
    </p>
   </div>
   <div class='ocr_carea' id='block_1_5' title="bbox 1487 1197 2535 1787">
    <p class='ocr_par' dir='ltr' id='par_1_6' title="bbox 1487 1197 2535 1787">
     <span class='ocr_line' id='line_1_19' title="bbox 1490 1197 2531 1281; baseline 0.005 -26"><span class='ocrx_word' id='word_1_131' title='bbox 1490 1197 1674 1278; x_wconf 85' lang='lat' dir='ltr'><strong>infigi</strong></span> <span class='ocrx_word' id='word_1_132' title='bbox 1727 1200 1896 1258; x_wconf 88' lang='lat' dir='ltr'><strong>Deus</strong></span> <span class='ocrx_word' id='word_1_133' title='bbox 1946 1200 2132 1276; x_wconf 80' lang='lat' dir='ltr'><strong>vult,</strong></span> <span class='ocrx_word' id='word_1_134' title='bbox 2181 1202 2385 1281; x_wconf 84' lang='lat' dir='ltr'><strong>repeti</strong></span> <span class='ocrx_word' id='word_1_135' title='bbox 2420 1224 2531 1260; x_wconf 82' lang='lat' dir='ltr'><strong>so-</strong></span> 
     </span>
     <span class='ocr_line' id='line_1_20' title="bbox 1491 1281 2526 1356; baseline 0.007 -17"><span class='ocrx_word' id='word_1_136' title='bbox 1491 1281 1669 1356; x_wconf 88' lang='lat' dir='ltr'><strong>lent,</strong></span> <span class='ocrx_word' id='word_1_137' title='bbox 1739 1287 1888 1342; x_wconf 84' lang='lat' dir='ltr'><strong>Act.</strong></span> <span class='ocrx_word' id='word_1_138' title='bbox 1959 1302 2052 1345; x_wconf 80' lang='lat' dir='ltr'><strong>io:</strong></span> <span class='ocrx_word' id='word_1_139' title='bbox 2129 1285 2224 1344; x_wconf 87' lang='lat'><strong>16.</strong></span> <span class='ocrx_word' id='word_1_140' title='bbox 2314 1286 2526 1347; x_wconf 85' lang='lat' dir='ltr'><strong>Multa</strong></span> 
     </span>
     <span class='ocr_line' id='line_1_21' title="bbox 1492 1366 2526 1445; baseline 0.007 -22"><span class='ocrx_word' id='word_1_141' title='bbox 1492 1366 1660 1445; x_wconf 90' lang='lat' dir='ltr'><strong>apud</strong></span> <span class='ocrx_word' id='word_1_142' title='bbox 1768 1369 2039 1428; x_wconf 88' lang='lat' dir='ltr'><strong>ludaeos</strong></span> <span class='ocrx_word' id='word_1_143' title='bbox 2130 1381 2526 1430; x_wconf 80' lang='lat' dir='ltr'><strong>conservata.</strong></span> 
     </span>
     <span class='ocr_line' id='line_1_22' title="bbox 1489 1450 2528 1532; baseline 0.008 -24"><span class='ocrx_word' id='word_1_144' title='bbox 1489 1450 1793 1528; x_wconf 84' lang='lat' dir='ltr'><strong>suerunt,</strong></span> <span class='ocrx_word' id='word_1_145' title='bbox 1857 1474 1990 1512; x_wconf 92' lang='lat' dir='ltr'><strong>non</strong></span> <span class='ocrx_word' id='word_1_146' title='bbox 2054 1456 2344 1532; x_wconf 86' lang='lat' dir='ltr'><strong>scripto,</strong></span> <span class='ocrx_word' id='word_1_147' title='bbox 2406 1455 2528 1516; x_wconf 84' lang='lat' dir='ltr'><strong>sed.</strong></span> 
     </span>
     <span class='ocr_line' id='line_1_23' title="bbox 1492 1537 2532 1620; baseline 0.006 -27"><span class='ocrx_word' id='word_1_148' title='bbox 1492 1537 1844 1612; x_wconf 83' lang='lat' dir='ltr'><strong>memoria,</strong></span> <span class='ocrx_word' id='word_1_149' title='bbox 1957 1537 2188 1597; x_wconf 87' lang='lat' dir='ltr'><strong>Matth.</strong></span> <span class='ocrx_word' id='word_1_150' title='bbox 2272 1558 2373 1616; x_wconf 79' lang='lat'><strong>27:</strong></span> <span class='ocrx_word' id='word_1_151' title='bbox 2463 1561 2532 1620; x_wconf 85' lang='lat'><strong>9.</strong></span> 
     </span>
     <span class='ocr_line' id='line_1_24' title="bbox 1496 1620 2535 1708; baseline 0.003 -28"><span class='ocrx_word' id='word_1_152' title='bbox 1496 1620 1789 1680; x_wconf 73' lang='lat' dir='ltr'><strong>Messium</strong></span> <span class='ocrx_word' id='word_1_153' title='bbox 1826 1624 2415 1708; x_wconf 33' lang='lat' dir='ltr'><strong>praemlonstrantia</strong></span> <span class='ocrx_word' id='word_1_154' title='bbox 2446 1645 2535 1683; x_wconf 88' lang='lat' dir='ltr'><strong>u·-</strong></span> 
     </span>
     <span class='ocr_line' id='line_1_25' title="bbox 1487 1704 2523 1787; baseline 0.006 -25"><span class='ocrx_word' id='word_1_155' title='bbox 1487 1704 1710 1764; x_wconf 86' lang='lat' dir='ltr'><strong>binam</strong></span> <span class='ocrx_word' id='word_1_156' title='bbox 1735 1707 2103 1787; x_wconf 84' lang='lat' dir='ltr'><strong>significata</strong></span> <span class='ocrx_word' id='word_1_157' title='bbox 2121 1755 2138 1785; x_wconf 90' lang='lat'><strong>,</strong></span> <span class='ocrx_word' id='word_1_158' title='bbox 2173 1707 2351 1767; x_wconf 86' lang='lat' dir='ltr'><strong>Rom.</strong></span> <span class='ocrx_word' id='word_1_159' title='bbox 2377 1711 2433 1769; x_wconf 82' lang='lat'><strong>3:</strong></span> <span class='ocrx_word' id='word_1_160' title='bbox 2457 1728 2523 1770; x_wconf 92' lang='grc'><strong>2.</strong></span> 
     </span>
    </p>
   </div>
   <div class='ocr_carea' id='block_1_6' title="bbox 379 1789 2613 2292">
    <p class='ocr_par' dir='ltr' id='par_1_7' title="bbox 379 1789 2613 2125">
     <span class='ocr_line' id='line_1_26' title="bbox 379 1789 2528 1871; baseline 0.001 -20"><span class='ocrx_word' id='word_1_161' title='bbox 379 1811 550 1851; x_wconf 87' lang='lat' dir='ltr'><strong>mum</strong></span> <span class='ocrx_word' id='word_1_162' title='bbox 588 1792 726 1849; x_wconf 93' lang='lat' dir='ltr'><strong>Deo</strong></span> <span class='ocrx_word' id='word_1_163' title='bbox 773 1789 1064 1869; x_wconf 82' lang='lat' dir='ltr'><strong>placent,</strong></span> <span class='ocrx_word' id='word_1_164' title='bbox 1111 1810 1147 1850; x_wconf 94' lang='grc'><strong>2</strong></span> <span class='ocrx_word' id='word_1_165' title='bbox 1184 1790 1414 1851; x_wconf 82' lang='lat' dir='ltr'><strong>Thess.</strong></span> <span class='ocrx_word' id='word_1_166' title='bbox 1490 1790 1659 1850; x_wconf 83' lang='lat' dir='ltr'><strong>Ante</strong></span> <span class='ocrx_word' id='word_1_167' title='bbox 1732 1790 1977 1850; x_wconf 89' lang='lat' dir='ltr'><strong>Christi</strong></span> <span class='ocrx_word' id='word_1_168' title='bbox 2043 1798 2331 1871; x_wconf 81' lang='lat' dir='ltr'><strong>tempora</strong></span> <span class='ocrx_word' id='word_1_169' title='bbox 2411 1792 2528 1853; x_wconf 81' lang='lat' dir='ltr'><strong>din</strong></span> 
     </span>
     <span class='ocr_line' id='line_1_27' title="bbox 387 1873 2528 1950; baseline 0.001 -16"><span class='ocrx_word' id='word_1_170' title='bbox 387 1892 437 1934; x_wconf 75' lang='grc' dir='ltr'><strong>ιε</strong></span> <span class='ocrx_word' id='word_1_171' title='bbox 488 1893 551 1934; x_wconf 78' lang='grc' dir='ltr'><strong>ιι</strong></span> <span class='ocrx_word' id='word_1_172' title='bbox 584 1918 601 1947; x_wconf 85' lang='grc'><em>,</em></span> <span class='ocrx_word' id='word_1_173' title='bbox 652 1873 848 1933; x_wconf 84' lang='lat' dir='ltr'><strong>Hebr.</strong></span> <span class='ocrx_word' id='word_1_174' title='bbox 901 1893 996 1937; x_wconf 64' lang='grc' dir='ltr'><strong>ιιι</strong></span> <span class='ocrx_word' id='word_1_175' title='bbox 1039 1888 1125 1950; x_wconf 82' lang='grc'><strong>4,</strong></span> <span class='ocrx_word' id='word_1_176' title='bbox 1173 1876 1303 1936; x_wconf 90' lang='lat' dir='ltr'><strong>Iac.</strong></span> <span class='ocrx_word' id='word_1_177' title='bbox 1355 1897 1410 1937; x_wconf 82' lang='lat'><strong>2:</strong></span> <span class='ocrx_word' id='word_1_178' title='bbox 1491 1885 1945 1943; x_wconf 79' lang='lat' dir='ltr'><strong>cessaverant,</strong></span> <span class='ocrx_word' id='word_1_179' title='bbox 1995 1875 2192 1937; x_wconf 87' lang='lat' dir='ltr'><strong>Hebr.</strong></span> <span class='ocrx_word' id='word_1_180' title='bbox 2224 1897 2276 1938; x_wconf 86' lang='lat'><strong>1:</strong></span> <span class='ocrx_word' id='word_1_181' title='bbox 2315 1898 2369 1936; x_wconf 89' lang='lat'><strong>1.</strong></span> <span class='ocrx_word' id='word_1_182' title='bbox 2430 1878 2528 1937; x_wconf 91' lang='lat' dir='ltr'><strong>O-</strong></span> 
     </span>
     <span class='ocr_line' id='line_1_28' title="bbox 386 1958 2613 2039; baseline 0 -20"><span class='ocrx_word' id='word_1_183' title='bbox 386 1973 484 2030; x_wconf 78' lang='grc'><strong>14.</strong></span> <span class='ocrx_word' id='word_1_184' title='bbox 520 1959 731 2036; x_wconf 86' lang='lat' dir='ltr'><strong>Opera</strong></span> <span class='ocrx_word' id='word_1_185' title='bbox 758 1958 1244 2020; x_wconf 74' lang='lat' dir='ltr'><strong>misericordiae</strong></span> <span class='ocrx_word' id='word_1_186' title='bbox 1265 1969 1415 2020; x_wconf 89' lang='lat' dir='ltr'><strong>sunt</strong></span> <span class='ocrx_word' id='word_1_187' title='bbox 1487 1960 1858 2020; x_wconf 85' lang='lat' dir='ltr'><strong>raculorum</strong></span> <span class='ocrx_word' id='word_1_188' title='bbox 1884 1962 2127 2020; x_wconf 87' lang='lat' dir='ltr'><strong>Christi</strong></span> <span class='ocrx_word' id='word_1_189' title='bbox 2150 1963 2480 2022; x_wconf 82' lang='lat' dir='ltr'><strong>evidentia</strong></span> <span class='ocrx_word' id='word_1_190' title='bbox 2496 2006 2523 2039; x_wconf 89' lang='lat'><strong>,</strong></span> <span class='ocrx_word' id='word_1_191' title='bbox 2604 1977 2613 1985; x_wconf 87' lang='lat'><strong>·</strong></span> 
     </span>
     <span class='ocr_line' id='line_1_29' title="bbox 380 2043 2020 2125; baseline -0.001 -21"><span class='ocrx_word' id='word_1_192' title='bbox 380 2064 532 2124; x_wconf 90' lang='lat' dir='ltr'><strong>opes</strong></span> <span class='ocrx_word' id='word_1_193' title='bbox 582 2043 753 2124; x_wconf 85' lang='lat' dir='ltr'><strong>apud</strong></span> <span class='ocrx_word' id='word_1_194' title='bbox 798 2044 999 2104; x_wconf 85' lang='lat' dir='ltr'><strong>Deum</strong></span> <span class='ocrx_word' id='word_1_195' title='bbox 1044 2045 1368 2125; x_wconf 76' lang='lat' dir='ltr'><strong>repositae</strong></span> <span class='ocrx_word' id='word_1_196' title='bbox 1394 2090 1412 2120; x_wconf 99' lang='lat'><strong>,</strong></span> <span class='ocrx_word' id='word_1_197' title='bbox 1489 2043 1723 2104; x_wconf 83' lang='lat' dir='ltr'><strong>Matth.</strong></span> <span class='ocrx_word' id='word_1_198' title='bbox 1768 2059 1868 2115; x_wconf 79' lang='lat'><strong>24:</strong></span> <span class='ocrx_word' id='word_1_199' title='bbox 1918 2048 2020 2107; x_wconf 78' lang='lat'><strong>35.</strong></span> 
     </span>
    </p>

    <p class='ocr_par' dir='ltr' id='par_1_8' title="bbox 381 2125 2526 2292">
     <span class='ocr_line' id='line_1_30' title="bbox 386 2125 2526 2210; baseline 0.001 -22"><span class='ocrx_word' id='word_1_200' title='bbox 386 2127 543 2188; x_wconf 89' lang='lat' dir='ltr'><strong>Luc.</strong></span> <span class='ocrx_word' id='word_1_201' title='bbox 613 2148 706 2189; x_wconf 79' lang='lat'><strong>12:</strong></span> <span class='ocrx_word' id='word_1_202' title='bbox 760 2147 860 2188; x_wconf 83' lang='lat'><strong>21.</strong></span> <span class='ocrx_word' id='word_1_203' title='bbox 947 2127 1162 2210; x_wconf 82' lang='lat' dir='ltr'><strong>Opera</strong></span> <span class='ocrx_word' id='word_1_204' title='bbox 1222 2149 1410 2190; x_wconf 82' lang='lat' dir='ltr'><strong>exce·</strong></span> <span class='ocrx_word' id='word_1_205' title='bbox 1449 2125 1666 2187; x_wconf 89' lang='lat' dir='ltr'><strong>Oralis</strong></span> <span class='ocrx_word' id='word_1_206' title='bbox 1701 2128 1880 2204; x_wconf 83' lang='lat' dir='ltr'><strong>Lex,</strong></span> <span class='ocrx_word' id='word_1_207' title='bbox 1930 2128 2084 2189; x_wconf 85' lang='lat' dir='ltr'><strong>vide</strong></span> <span class='ocrx_word' id='word_1_208' title='bbox 2115 2127 2250 2188; x_wconf 85' lang='lat' dir='ltr'><strong>Lex</strong></span> <span class='ocrx_word' id='word_1_209' title='bbox 2279 2128 2526 2191; x_wconf 89' lang='lat' dir='ltr'><strong>Oralis.</strong></span> 
     </span>
     <span class='ocr_line' id='line_1_31' title="bbox 381 2212 2523 2292; baseline 0.001 -19"><span class='ocrx_word' id='word_1_210' title='bbox 381 2213 603 2273; x_wconf 88' lang='lat' dir='ltr'><strong>dentia</strong></span> <span class='ocrx_word' id='word_1_211' title='bbox 672 2212 1002 2292; x_wconf 82' lang='lat' dir='ltr'><strong>praecepti</strong></span> <span class='ocrx_word' id='word_1_212' title='bbox 1068 2214 1409 2273; x_wconf 84' lang='lat' dir='ltr'><strong>necessita·</strong></span> <span class='ocrx_word' id='word_1_213' title='bbox 1449 2212 1781 2272; x_wconf 82' lang='lat' dir='ltr'><strong>Orandum</strong></span> <span class='ocrx_word' id='word_1_214' title='bbox 1817 2214 2005 2273; x_wconf 90' lang='lat' dir='ltr'><strong>nobis</strong></span> <span class='ocrx_word' id='word_1_215' title='bbox 2031 2213 2523 2291; x_wconf 85' lang='lat' dir='ltr'><strong>indesinenter,</strong></span> 
     </span>
    </p>
   </div>
   <div class='ocr_carea' id='block_1_7' title="bbox 379 2296 1944 2377">
    <p class='ocr_par' dir='ltr' id='par_1_9' title="bbox 379 2296 1944 2377">
     <span class='ocr_line' id='line_1_32' title="bbox 379 2296 1944 2377; baseline 0.001 -21"><span class='ocrx_word' id='word_1_216' title='bbox 379 2305 506 2357; x_wconf 88' lang='lat' dir='ltr'><strong>tem</strong></span> <span class='ocrx_word' id='word_1_217' title='bbox 545 2318 581 2355; x_wconf 90' lang='lat' dir='ltr'><strong>a</strong></span> <span class='ocrx_word' id='word_1_218' title='bbox 624 2299 759 2356; x_wconf 91' lang='lat' dir='ltr'><strong>Deo</strong></span> <span class='ocrx_word' id='word_1_219' title='bbox 793 2317 971 2356; x_wconf 84' lang='lat' dir='ltr'><strong>suam</strong></span> <span class='ocrx_word' id='word_1_220' title='bbox 1007 2317 1413 2377; x_wconf 86' lang='lat' dir='ltr'><strong>consequun-</strong></span> <span class='ocrx_word' id='word_1_221' title='bbox 1491 2296 1647 2356; x_wconf 90' lang='lat' dir='ltr'><strong>Luc.</strong></span> <span class='ocrx_word' id='word_1_222' title='bbox 1717 2300 1810 2358; x_wconf 76' lang='lat'><strong>18:</strong></span> <span class='ocrx_word' id='word_1_223' title='bbox 1890 2317 1944 2357; x_wconf 82' lang='lat'><strong>1.</strong></span> 
     </span>
    </p>
   </div>
   <div class='ocr_carea' id='block_1_8' title="bbox 2032 2298 2526 2358">
    <p class='ocr_par' dir='ltr' id='par_1_10' title="bbox 2032 2298 2526 2358">
     <span class='ocr_line' id='line_1_33' title="bbox 2032 2298 2526 2358; baseline 0 0"><span class='ocrx_word' id='word_1_224' title='bbox 2032 2298 2155 2358; x_wconf 89' lang='lat' dir='ltr'><strong>Pro</strong></span> <span class='ocrx_word' id='word_1_225' title='bbox 2222 2299 2526 2358; x_wconf 74' lang='lat' dir='ltr'><strong>omnibus</strong></span> 
     </span>
    </p>
   </div>
   <div class='ocr_carea' id='block_1_9' title="bbox 377 2380 2524 2462">
    <p class='ocr_par' dir='ltr' id='par_1_11' title="bbox 377 2380 2524 2462">
     <span class='ocr_line' id='line_1_34' title="bbox 377 2380 2524 2462; baseline 0.001 -22"><span class='ocrx_word' id='word_1_226' title='bbox 377 2390 486 2441; x_wconf 87' lang='lat' dir='ltr'><strong>tur</strong></span> <span class='ocrx_word' id='word_1_227' title='bbox 534 2383 939 2457; x_wconf 87' lang='lat' dir='ltr'><strong>mercedem,</strong></span> <span class='ocrx_word' id='word_1_228' title='bbox 990 2380 1148 2441; x_wconf 86' lang='lat' dir='ltr'><strong>Luc.</strong></span> <span class='ocrx_word' id='word_1_229' title='bbox 1191 2403 1283 2459; x_wconf 85' lang='lat'><strong>17:</strong></span> <span class='ocrx_word' id='word_1_230' title='bbox 1324 2402 1414 2443; x_wconf 81' lang='grc' dir='ltr'><strong>ιο.</strong></span> <span class='ocrx_word' id='word_1_231' title='bbox 1486 2382 1682 2440; x_wconf 88' lang='lat' dir='ltr'><strong>etiam</strong></span> <span class='ocrx_word' id='word_1_232' title='bbox 1731 2382 2016 2442; x_wconf 89' lang='lat' dir='ltr'><strong>nondum</strong></span> <span class='ocrx_word' id='word_1_233' title='bbox 2061 2381 2524 2462; x_wconf 81' lang='lat' dir='ltr'><strong>credentibus,</strong></span> 
     </span>
    </p>
   </div>
   <div class='ocr_carea' id='block_1_10' title="bbox 373 2467 1411 2969">
    <p class='ocr_par' dir='ltr' id='par_1_12' title="bbox 373 2467 1411 2969">
     <span class='ocr_line' id='line_1_35' title="bbox 380 2467 1411 2549; baseline 0.001 -23"><span class='ocrx_word' id='word_1_234' title='bbox 380 2467 595 2546; x_wconf 84' lang='lat' dir='ltr'><strong>Opera</strong></span> <span class='ocrx_word' id='word_1_235' title='bbox 631 2467 699 2527; x_wconf 88' lang='lat' dir='ltr'><strong>in</strong></span> <span class='ocrx_word' id='word_1_236' title='bbox 748 2467 913 2549; x_wconf 88' lang='lat' dir='ltr'><strong>Lege</strong></span> <span class='ocrx_word' id='word_1_237' title='bbox 956 2468 1411 2548; x_wconf 84' lang='lat' dir='ltr'><strong>requiruntur,</strong></span> 
     </span>
     <span class='ocr_line' id='line_1_36' title="bbox 382 2551 1407 2630; baseline -0.001 -19"><span class='ocrx_word' id='word_1_238' title='bbox 382 2551 535 2611; x_wconf 84' lang='lat' dir='ltr'><strong>Luc.</strong></span> <span class='ocrx_word' id='word_1_239' title='bbox 589 2571 682 2613; x_wconf 82' lang='lat'><strong>12:</strong></span> <span class='ocrx_word' id='word_1_240' title='bbox 723 2566 827 2624; x_wconf 76' lang='lat'><strong>47.</strong></span> <span class='ocrx_word' id='word_1_241' title='bbox 895 2553 1111 2630; x_wconf 84' lang='lat' dir='ltr'><strong>Opera</strong></span> <span class='ocrx_word' id='word_1_242' title='bbox 1153 2574 1226 2611; x_wconf 89' lang='lat' dir='ltr'><strong>ac</strong></span> <span class='ocrx_word' id='word_1_243' title='bbox 1271 2553 1407 2613; x_wconf 86' lang='lat' dir='ltr'><strong>dir.-</strong></span> 
     </span>
     <span class='ocr_line' id='line_1_37' title="bbox 376 2634 1405 2714; baseline 0.002 -20"><span class='ocrx_word' id='word_1_244' title='bbox 376 2645 444 2694; x_wconf 90' lang='lat' dir='ltr'><strong>ta</strong></span> <span class='ocrx_word' id='word_1_245' title='bbox 487 2634 814 2697; x_wconf 85' lang='lat' dir='ltr'><strong>hominum</strong></span> <span class='ocrx_word' id='word_1_246' title='bbox 866 2657 1054 2714; x_wconf 88' lang='lat' dir='ltr'><strong>saepe</strong></span> <span class='ocrx_word' id='word_1_247' title='bbox 1099 2640 1271 2697; x_wconf 89' lang='lat' dir='ltr'><strong>Deus</strong></span> <span class='ocrx_word' id='word_1_248' title='bbox 1311 2640 1405 2696; x_wconf 89' lang='lat' dir='ltr'><strong>in·</strong></span> 
     </span>
     <span class='ocr_line' id='line_1_38' title="bbox 374 2721 1411 2802; baseline 0.003 -24"><span class='ocrx_word' id='word_1_249' title='bbox 374 2729 770 2797; x_wconf 85' lang='lat' dir='ltr'><strong>terpretatur</strong></span> <span class='ocrx_word' id='word_1_250' title='bbox 852 2721 1046 2781; x_wconf 86' lang='lat' dir='ltr'><strong>aliter</strong></span> <span class='ocrx_word' id='word_1_251' title='bbox 1124 2744 1198 2781; x_wconf 86' lang='lat' dir='ltr'><strong>ac</strong></span> <span class='ocrx_word' id='word_1_252' title='bbox 1282 2723 1411 2802; x_wconf 87' lang='lat' dir='ltr'><strong>ipsi</strong></span> 
     </span>
     <span class='ocr_line' id='line_1_39' title="bbox 378 2804 1410 2879; baseline 0.003 -14"><span class='ocrx_word' id='word_1_253' title='bbox 378 2804 654 2879; x_wconf 79' lang='lat' dir='ltr'><strong>volunt,</strong></span> <span class='ocrx_word' id='word_1_254' title='bbox 724 2806 819 2864; x_wconf 91' lang='lat' dir='ltr'><strong>sic</strong></span> <span class='ocrx_word' id='word_1_255' title='bbox 876 2813 1093 2865; x_wconf 88' lang='lat' dir='ltr'><strong>tamen</strong></span> <span class='ocrx_word' id='word_1_256' title='bbox 1134 2815 1205 2866; x_wconf 88' lang='lat' dir='ltr'><strong>ut</strong></span> <span class='ocrx_word' id='word_1_257' title='bbox 1255 2829 1410 2868; x_wconf 79' lang='lat' dir='ltr'><strong>vere</strong></span> 
     </span>
     <span class='ocr_line' id='line_1_40' title="bbox 373 2887 1411 2969; baseline 0.003 -22"><span class='ocrx_word' id='word_1_258' title='bbox 373 2887 445 2947; x_wconf 89' lang='lat' dir='ltr'><strong>in</strong></span> <span class='ocrx_word' id='word_1_259' title='bbox 515 2888 690 2967; x_wconf 87' lang='lat' dir='ltr'><strong>ipsos</strong></span> <span class='ocrx_word' id='word_1_260' title='bbox 769 2889 1090 2969; x_wconf 82' lang='lat' dir='ltr'><strong>quadret,</strong></span> <span class='ocrx_word' id='word_1_261' title='bbox 1179 2891 1411 2952; x_wconf 79' lang='lat' dir='ltr'><strong>Mattli.</strong></span> 
     </span>
    </p>
   </div>
   <div class='ocr_carea' id='block_1_11' title="bbox 250 2972 1408 3053">
    <p class='ocr_par' dir='ltr' id='par_1_13' title="bbox 250 2972 1408 3053">
     <span class='ocr_line' id='line_1_41' title="bbox 250 2972 1408 3053; baseline 0.005 -21"><span class='ocrx_word' id='word_1_262' title='bbox 250 2973 257 2982; x_wconf 77' lang='grc'>’</span> <span class='ocrx_word' id='word_1_263' title='bbox 376 2977 477 3033; x_wconf 82' lang='lat'><strong>23:</strong></span> <span class='ocrx_word' id='word_1_264' title='bbox 528 2993 629 3053; x_wconf 93' lang='grc'><strong>29.</strong></span> <span class='ocrx_word' id='word_1_265' title='bbox 716 2972 1035 3053; x_wconf 88' lang='lat' dir='ltr'><strong>Operibus</strong></span> <span class='ocrx_word' id='word_1_266' title='bbox 1073 2976 1261 3037; x_wconf 89' lang='lat' dir='ltr'><strong>bonis</strong></span> <span class='ocrx_word' id='word_1_267' title='bbox 1306 2978 1408 3037; x_wconf 88' lang='lat' dir='ltr'><strong>in-</strong></span> 
     </span>
    </p>
   </div>
   <div class='ocr_carea' id='block_1_12' title="bbox 338 3057 1412 3732">
    <p class='ocr_par' dir='ltr' id='par_1_14' title="bbox 376 3057 1412 3226">
     <span class='ocr_line' id='line_1_42' title="bbox 379 3057 1412 3143; baseline 0.001 -25"><span class='ocrx_word' id='word_1_268' title='bbox 379 3057 554 3138; x_wconf 87' lang='lat' dir='ltr'><strong>diget</strong></span> <span class='ocrx_word' id='word_1_269' title='bbox 602 3057 762 3119; x_wconf 85' lang='lat' dir='ltr'><strong>fides</strong></span> <span class='ocrx_word' id='word_1_270' title='bbox 794 3105 810 3134; x_wconf 92' lang='lat'><strong>,</strong></span> <span class='ocrx_word' id='word_1_271' title='bbox 875 3068 946 3124; x_wconf 88' lang='lat' dir='ltr'><strong>ut</strong></span> <span class='ocrx_word' id='word_1_272' title='bbox 990 3059 1160 3142; x_wconf 85' lang='lat' dir='ltr'><strong>ignis</strong></span> <span class='ocrx_word' id='word_1_273' title='bbox 1209 3062 1412 3143; x_wconf 86' lang='lat' dir='ltr'><strong>pabu-</strong></span> 
     </span>
     <span class='ocr_line' id='line_1_43' title="bbox 376 3143 1061 3226; baseline 0.009 -27"><span class='ocrx_word' id='word_1_274' title='bbox 376 3143 487 3215; x_wconf 88' lang='lat' dir='ltr'><strong>lo,</strong></span> <span class='ocrx_word' id='word_1_275' title='bbox 543 3160 569 3204; x_wconf 90' lang='grc' dir='ltr'>Ι</span> <span class='ocrx_word' id='word_1_276' title='bbox 624 3143 793 3204; x_wconf 87' lang='lat' dir='ltr'><strong>Tim.</strong></span> <span class='ocrx_word' id='word_1_277' title='bbox 847 3163 902 3207; x_wconf 84' lang='lat'><strong>1:</strong></span> <span class='ocrx_word' id='word_1_278' title='bbox 962 3162 1061 3226; x_wconf 86' lang='lat'><strong>19.</strong></span> 
     </span>
    </p>

    <p class='ocr_par' dir='ltr' id='par_1_15' title="bbox 338 3227 1412 3732">
     <span class='ocr_line' id='line_1_44' title="bbox 338 3227 1408 3309; baseline 0.002 -21"><span class='ocrx_word' id='word_1_279' title='bbox 338 3227 574 3306; x_wconf 90' lang='lat' dir='ltr'><strong>Opinio</strong></span> <span class='ocrx_word' id='word_1_280' title='bbox 638 3230 848 3289; x_wconf 90' lang='lat' dir='ltr'><strong>omnis</strong></span> <span class='ocrx_word' id='word_1_281' title='bbox 903 3250 1152 3309; x_wconf 83' lang='lat' dir='ltr'><strong>prava,</strong></span> <span class='ocrx_word' id='word_1_282' title='bbox 1221 3251 1408 3309; x_wconf 88' lang='lat' dir='ltr'><strong>prae-</strong></span> 
     </span>
     <span class='ocr_line' id='line_1_45' title="bbox 374 3312 1406 3387; baseline 0.003 -17"><span class='ocrx_word' id='word_1_283' title='bbox 374 3312 595 3372; x_wconf 87' lang='lat' dir='ltr'><strong>sertim</strong></span> <span class='ocrx_word' id='word_1_284' title='bbox 665 3313 845 3372; x_wconf 88' lang='lat' dir='ltr'><strong>circa</strong></span> <span class='ocrx_word' id='word_1_285' title='bbox 907 3334 1013 3374; x_wconf 91' lang='lat' dir='ltr'><strong>res</strong></span> <span class='ocrx_word' id='word_1_286' title='bbox 1080 3315 1406 3387; x_wconf 83' lang='lat' dir='ltr'><strong>Divinas,</strong></span> 
     </span>
     <span class='ocr_line' id='line_1_46' title="bbox 374 3397 1412 3477; baseline 0.003 -23"><span class='ocrx_word' id='word_1_287' title='bbox 374 3397 931 3474; x_wconf 85' lang='lat' dir='ltr'><strong>inquinamentum</strong></span> <span class='ocrx_word' id='word_1_288' title='bbox 966 3399 1283 3477; x_wconf 81' lang='lat' dir='ltr'><strong>quoddam</strong></span> <span class='ocrx_word' id='word_1_289' title='bbox 1311 3408 1412 3459; x_wconf 86' lang='lat' dir='ltr'><strong>est</strong></span> 
     </span>
     <span class='ocr_line' id='line_1_47' title="bbox 380 3480 1409 3561; baseline 0.004 -22"><span class='ocrx_word' id='word_1_290' title='bbox 380 3480 621 3556; x_wconf 86' lang='lat' dir='ltr'><strong>animi,</strong></span> <span class='ocrx_word' id='word_1_291' title='bbox 675 3499 697 3538; x_wconf 83' lang='grc' dir='ltr'><strong>ι</strong></span> <span class='ocrx_word' id='word_1_292' title='bbox 741 3482 893 3542; x_wconf 83' lang='lat' dir='ltr'><strong>Gor.</strong></span> <span class='ocrx_word' id='word_1_293' title='bbox 932 3485 990 3544; x_wconf 83' lang='lat'><strong>8:</strong></span> <span class='ocrx_word' id='word_1_294' title='bbox 1043 3502 1104 3560; x_wconf 93' lang='lat'><strong>7.</strong></span> <span class='ocrx_word' id='word_1_295' title='bbox 1172 3483 1409 3561; x_wconf 88' lang='lat' dir='ltr'><strong>Opinio</strong></span> 
     </span>
     <span class='ocr_line' id='line_1_48' title="bbox 377 3565 1407 3647; baseline 0.004 -23"><span class='ocrx_word' id='word_1_296' title='bbox 377 3565 455 3624; x_wconf 90' lang='lat' dir='ltr'><strong>de</strong></span> <span class='ocrx_word' id='word_1_297' title='bbox 523 3585 594 3625; x_wconf 88' lang='lat' dir='ltr'><strong>re</strong></span> <span class='ocrx_word' id='word_1_298' title='bbox 659 3566 917 3646; x_wconf 92' lang='lat' dir='ltr'><strong>aliqua,</strong></span> <span class='ocrx_word' id='word_1_299' title='bbox 996 3576 1067 3626; x_wconf 86' lang='lat' dir='ltr'><strong>ut</strong></span> <span class='ocrx_word' id='word_1_300' title='bbox 1128 3566 1407 3647; x_wconf 89' lang='lat' dir='ltr'><strong>illicita,</strong></span> 
     </span>
     <span class='ocr_line' id='line_1_49' title="bbox 374 3650 1405 3732; baseline 0.003 -23"><span class='ocrx_word' id='word_1_301' title='bbox 374 3650 704 3709; x_wconf 87' lang='lat' dir='ltr'><strong>hominem</strong></span> <span class='ocrx_word' id='word_1_302' title='bbox 758 3651 939 3730; x_wconf 88' lang='lat' dir='ltr'><strong>quasi</strong></span> <span class='ocrx_word' id='word_1_303' title='bbox 987 3652 1405 3732; x_wconf 84' lang='lat' dir='ltr'><strong>illaqueatum</strong></span> 
     </span>
    </p>
   </div>
   <div class='ocr_carea' id='block_1_13' title="bbox 1483 2466 2527 3724">
    <p class='ocr_par' dir='ltr' id='par_1_16' title="bbox 1483 2466 2527 3724">
     <span class='ocr_line' id='line_1_50' title="bbox 1494 2466 2522 2528; baseline 0.003 -4"><span class='ocrx_word' id='word_1_304' title='bbox 1494 2485 1516 2524; x_wconf 83' lang='grc' dir='ltr'><strong>ι</strong></span> <span class='ocrx_word' id='word_1_305' title='bbox 1575 2466 1745 2525; x_wconf 88' lang='lat' dir='ltr'><strong>Tim.</strong></span> <span class='ocrx_word' id='word_1_306' title='bbox 1794 2485 1850 2526; x_wconf 84' lang='lat'><strong>2:</strong></span> <span class='ocrx_word' id='word_1_307' title='bbox 1908 2485 1958 2523; x_wconf 83' lang='grc' dir='ltr'><strong>ι.</strong></span> <span class='ocrx_word' id='word_1_308' title='bbox 2044 2467 2171 2525; x_wconf 85' lang='lat' dir='ltr'><strong>Pro</strong></span> <span class='ocrx_word' id='word_1_309' title='bbox 2231 2466 2522 2528; x_wconf 82' lang='lat' dir='ltr'><strong>inimicis</strong></span> 
     </span>
     <span class='ocr_line' id='line_1_51' title="bbox 1487 2549 2520 2630; baseline 0.004 -21"><span class='ocrx_word' id='word_1_310' title='bbox 1487 2553 1779 2630; x_wconf 80' lang='lat' dir='ltr'><strong>exemplo</strong></span> <span class='ocrx_word' id='word_1_311' title='bbox 1809 2549 2090 2625; x_wconf 89' lang='lat' dir='ltr'><strong>Christi,</strong></span> <span class='ocrx_word' id='word_1_312' title='bbox 2118 2551 2275 2610; x_wconf 83' lang='lat' dir='ltr'><strong>Luc.</strong></span> <span class='ocrx_word' id='word_1_313' title='bbox 2296 2555 2393 2612; x_wconf 82' lang='lat'><strong>23:</strong></span> <span class='ocrx_word' id='word_1_314' title='bbox 2412 2556 2520 2623; x_wconf 77' lang='lat'><strong>34.</strong></span> 
     </span>
     <span class='ocr_line' id='line_1_52' title="bbox 1489 2635 2516 2713; baseline 0.002 -18"><span class='ocrx_word' id='word_1_315' title='bbox 1489 2635 1613 2695; x_wconf 90' lang='lat' dir='ltr'><strong>Pro</strong></span> <span class='ocrx_word' id='word_1_316' title='bbox 1662 2636 1902 2713; x_wconf 78' lang='lat' dir='ltr'><strong>lapsis,</strong></span> <span class='ocrx_word' id='word_1_317' title='bbox 1950 2635 2082 2695; x_wconf 72' lang='lat' dir='ltr'><strong>Iar.</strong></span> <span class='ocrx_word' id='word_1_318' title='bbox 2117 2640 2177 2697; x_wconf 88' lang='lat'><strong>5:</strong></span> <span class='ocrx_word' id='word_1_319' title='bbox 2225 2636 2321 2697; x_wconf 88' lang='lat'><strong>16.</strong></span> <span class='ocrx_word' id='word_1_320' title='bbox 2409 2638 2516 2697; x_wconf 69' lang='lat' dir='ltr'><strong>An</strong></span> 
     </span>
     <span class='ocr_line' id='line_1_53' title="bbox 1486 2720 2527 2799; baseline 0.003 -21"><span class='ocrx_word' id='word_1_321' title='bbox 1486 2740 1605 2799; x_wconf 87' lang='lat' dir='ltr'><strong>pro</strong></span> <span class='ocrx_word' id='word_1_322' title='bbox 1654 2720 2176 2799; x_wconf 86' lang='lat' dir='ltr'><strong>delinquentibus</strong></span> <span class='ocrx_word' id='word_1_323' title='bbox 2221 2721 2303 2781; x_wconf 88' lang='lat' dir='ltr'><strong>ad</strong></span> <span class='ocrx_word' id='word_1_324' title='bbox 2351 2743 2527 2781; x_wconf 88' lang='lat' dir='ltr'><strong>mor-</strong></span> 
     </span>
     <span class='ocr_line' id='line_1_54' title="bbox 1484 2803 2525 2886; baseline 0.005 -24"><span class='ocrx_word' id='word_1_325' title='bbox 1484 2811 1658 2883; x_wconf 86' lang='lat' dir='ltr'><strong>tem,</strong></span> <span class='ocrx_word' id='word_1_326' title='bbox 1703 2804 1867 2864; x_wconf 90' lang='lat' dir='ltr'><strong>ibid.</strong></span> <span class='ocrx_word' id='word_1_327' title='bbox 1957 2803 2208 2876; x_wconf 75' lang='lat' dir='ltr'><strong>Orandi</strong></span> <span class='ocrx_word' id='word_1_328' title='bbox 2254 2828 2369 2886; x_wconf 87' lang='lat' dir='ltr'><strong>pro</strong></span> <span class='ocrx_word' id='word_1_329' title='bbox 2396 2806 2525 2867; x_wconf 88' lang='lat' dir='ltr'><strong>Re-</strong></span> 
     </span>
     <span class='ocr_line' id='line_1_55' title="bbox 1484 2890 2524 2971; baseline 0.004 -24"><span class='ocrx_word' id='word_1_330' title='bbox 1484 2890 1669 2970; x_wconf 79' lang='lat' dir='ltr'><strong>gibus</strong></span> <span class='ocrx_word' id='word_1_331' title='bbox 1730 2909 1915 2965; x_wconf 87' lang='lat' dir='ltr'><strong>mos,</strong></span> <span class='ocrx_word' id='word_1_332' title='bbox 1983 2892 2257 2971; x_wconf 85' lang='lat' dir='ltr'><strong>primum</strong></span> <span class='ocrx_word' id='word_1_333' title='bbox 2320 2911 2358 2949; x_wconf 85' lang='lat' dir='ltr'><strong>a</strong></span> <span class='ocrx_word' id='word_1_334' title='bbox 2401 2891 2524 2951; x_wconf 69' lang='lat' dir='ltr'><strong>&#39;Iu-</strong></span> 
     </span>
     <span class='ocr_line' id='line_1_56' title="bbox 1488 2975 2521 3051; baseline 0.002 -18"><span class='ocrx_word' id='word_1_335' title='bbox 1488 2975 1663 3034; x_wconf 86' lang='lat' dir='ltr'><strong>daeis</strong></span> <span class='ocrx_word' id='word_1_336' title='bbox 1730 2975 1964 3051; x_wconf 85' lang='lat' dir='ltr'><strong>venit,</strong></span> <span class='ocrx_word' id='word_1_337' title='bbox 2040 2994 2064 3035; x_wconf 89' lang='lat'>1</span> <span class='ocrx_word' id='word_1_338' title='bbox 2131 2977 2303 3036; x_wconf 89' lang='lat' dir='ltr'><strong>Tim.</strong></span> <span class='ocrx_word' id='word_1_339' title='bbox 2351 2993 2408 3037; x_wconf 85' lang='lat'><strong>2:</strong></span> <span class='ocrx_word' id='word_1_340' title='bbox 2460 2996 2521 3036; x_wconf 87' lang='lat'><strong>2.</strong></span> 
     </span>
     <span class='ocr_line' id='line_1_57' title="bbox 1486 3059 2522 3119; baseline 0 -2"><span class='ocrx_word' id='word_1_341' title='bbox 1486 3059 1861 3119; x_wconf 86' lang='lat' dir='ltr'><strong>Communis</strong></span> <span class='ocrx_word' id='word_1_342' title='bbox 1929 3081 2062 3118; x_wconf 88' lang='lat' dir='ltr'><strong>mos</strong></span> <span class='ocrx_word' id='word_1_343' title='bbox 2131 3060 2362 3119; x_wconf 82' lang='lat' dir='ltr'><strong>orandi</strong></span> <span class='ocrx_word' id='word_1_344' title='bbox 2413 3061 2522 3119; x_wconf 87' lang='lat' dir='ltr'><strong>Iu-</strong></span> 
     </span>
     <span class='ocr_line' id='line_1_58' title="bbox 1487 3144 2517 3221; baseline 0 -18"><span class='ocrx_word' id='word_1_345' title='bbox 1487 3144 1665 3203; x_wconf 89' lang='lat' dir='ltr'><strong>daeis</strong></span> <span class='ocrx_word' id='word_1_346' title='bbox 1713 3144 1990 3219; x_wconf 87' lang='lat' dir='ltr'><strong>stando,</strong></span> <span class='ocrx_word' id='word_1_347' title='bbox 2037 3145 2164 3203; x_wconf 88' lang='lat' dir='ltr'><strong>nisi</strong></span> <span class='ocrx_word' id='word_1_348' title='bbox 2228 3153 2517 3221; x_wconf 87' lang='lat' dir='ltr'><strong>tempore</strong></span> 
     </span>
     <span class='ocr_line' id='line_1_59' title="bbox 1484 3228 2521 3303; baseline -0.001 -16"><span class='ocrx_word' id='word_1_349' title='bbox 1484 3229 1737 3303; x_wconf 86' lang='lat' dir='ltr'><strong>luctus,</strong></span> <span class='ocrx_word' id='word_1_350' title='bbox 1812 3228 2039 3287; x_wconf 84' lang='lat' dir='ltr'><strong>Matth.</strong></span> <span class='ocrx_word' id='word_1_351' title='bbox 2094 3229 2153 3289; x_wconf 87' lang='lat'><strong>6:</strong></span> <span class='ocrx_word' id='word_1_352' title='bbox 2199 3230 2286 3301; x_wconf 85' lang='lat'><strong>5,</strong></span> <span class='ocrx_word' id='word_1_353' title='bbox 2357 3228 2521 3288; x_wconf 85' lang='lat' dir='ltr'><strong>Luc.</strong></span> 
     </span>
     <span class='ocr_line' id='line_1_60' title="bbox 1486 3311 2521 3392; baseline -0.002 -18"><span class='ocrx_word' id='word_1_354' title='bbox 1486 3333 1585 3374; x_wconf 80' lang='lat'><strong>22:</strong></span> <span class='ocrx_word' id='word_1_355' title='bbox 1634 3327 1737 3382; x_wconf 80' lang='lat'><strong>4¹·</strong></span> <span class='ocrx_word' id='word_1_356' title='bbox 1784 3311 1858 3372; x_wconf 90' lang='lat' dir='ltr'><strong>In</strong></span> <span class='ocrx_word' id='word_1_357' title='bbox 1901 3312 2168 3392; x_wconf 86' lang='lat' dir='ltr'><strong>genibus</strong></span> <span class='ocrx_word' id='word_1_358' title='bbox 2212 3333 2371 3372; x_wconf 85' lang='lat' dir='ltr'><strong>vero</strong></span> <span class='ocrx_word' id='word_1_359' title='bbox 2409 3321 2521 3372; x_wconf 88' lang='lat' dir='ltr'><strong>aut</strong></span> 
     </span>
     <span class='ocr_line' id='line_1_61' title="bbox 1488 3397 2518 3477; baseline 0.002 -22"><span class='ocrx_word' id='word_1_360' title='bbox 1488 3397 1967 3477; x_wconf 84' lang='lat' dir='ltr'><strong>procumbendo</strong></span> <span class='ocrx_word' id='word_1_361' title='bbox 1997 3442 2012 3470; x_wconf 89' lang='lat'>‚</span> <span class='ocrx_word' id='word_1_362' title='bbox 2056 3398 2328 3477; x_wconf 64' lang='lat' dir='ltr'><strong>vquoties</strong></span> <span class='ocrx_word' id='word_1_363' title='bbox 2413 3419 2518 3457; x_wconf 88' lang='lat' dir='ltr'><strong>res</strong></span> 
     </span>
     <span class='ocr_line' id='line_1_62' title="bbox 1483 3481 2520 3561; baseline 0.003 -22"><span class='ocrx_word' id='word_1_364' title='bbox 1483 3483 1692 3540; x_wconf 89' lang='lat' dir='ltr'><strong>maior</strong></span> <span class='ocrx_word' id='word_1_365' title='bbox 1733 3492 2028 3561; x_wconf 85' lang='lat' dir='ltr'><strong>urgeret,</strong></span> <span class='ocrx_word' id='word_1_366' title='bbox 2077 3481 2238 3541; x_wconf 88' lang='lat' dir='ltr'><strong>ibid.</strong></span> <span class='ocrx_word' id='word_1_367' title='bbox 2307 3483 2520 3542; x_wconf 81' lang='lat' dir='ltr'><strong>Oran-</strong></span> 
     </span>
     <span class='ocr_line' id='line_1_63' title="bbox 1485 3565 2515 3645; baseline 0 -20"><span class='ocrx_word' id='word_1_368' title='bbox 1485 3567 1551 3626; x_wconf 94' lang='lat' dir='ltr'><strong>di</strong></span> <span class='ocrx_word' id='word_1_369' title='bbox 1612 3566 1778 3624; x_wconf 86' lang='lat' dir='ltr'><strong>ratio</strong></span> <span class='ocrx_word' id='word_1_370' title='bbox 1846 3566 2016 3645; x_wconf 85' lang='lat' dir='ltr'><strong>apud</strong></span> <span class='ocrx_word' id='word_1_371' title='bbox 2073 3565 2402 3627; x_wconf 86' lang='lat' dir='ltr'><strong>Hebraeos</strong></span> <span class='ocrx_word' id='word_1_372' title='bbox 2449 3574 2515 3627; x_wconf 86' lang='lat' dir='ltr'><strong>et</strong></span> 
     </span>
     <span class='ocr_line' id='line_1_64' title="bbox 1485 3649 2434 3724; baseline 0.001 -13"><span class='ocrx_word' id='word_1_373' title='bbox 1485 3651 1894 3711; x_wconf 85' lang='lat' dir='ltr'><strong>Christianos</strong></span> <span class='ocrx_word' id='word_1_374' title='bbox 1924 3696 1940 3724; x_wconf 90' lang='lat'><strong>,</strong></span> <span class='ocrx_word' id='word_1_375' title='bbox 1992 3649 2132 3711; x_wconf 87' lang='lat' dir='ltr'><strong>Ioh.</strong></span> <span class='ocrx_word' id='word_1_376' title='bbox 2185 3656 2434 3723; x_wconf 58' lang='lat'><strong>14:13.</strong></span> 
     </span>
    </p>
   </div>
   <div class='ocr_carea' id='block_1_14' title="bbox 373 3736 2517 3818">
    <p class='ocr_par' dir='ltr' id='par_1_17' title="bbox 373 3736 2517 3818">
     <span class='ocr_line' id='line_1_65' title="bbox 373 3736 2517 3818; baseline 0.001 -26"><span class='ocrx_word' id='word_1_377' title='bbox 373 3744 593 3810; x_wconf 88' lang='lat' dir='ltr'><strong>tenet,</strong></span> <span class='ocrx_word' id='word_1_378' title='bbox 651 3755 676 3795; x_wconf 84' lang='lat'>1</span> <span class='ocrx_word' id='word_1_379' title='bbox 732 3738 885 3797; x_wconf 82' lang='lat' dir='ltr'><strong>Gor.</strong></span> <span class='ocrx_word' id='word_1_380' title='bbox 932 3757 991 3815; x_wconf 87' lang='lat'><strong>7:</strong></span> <span class='ocrx_word' id='word_1_381' title='bbox 1044 3740 1142 3818; x_wconf 83' lang='lat'><strong>35.</strong></span> <span class='ocrx_word' id='word_1_382' title='bbox 1230 3738 1409 3811; x_wconf 86' lang='lat' dir='ltr'><strong>Quae</strong></span> <span class='ocrx_word' id='word_1_383' title='bbox 1444 3736 1795 3797; x_wconf 86' lang='lat' dir='ltr'><strong>Orationes</strong></span> <span class='ocrx_word' id='word_1_384' title='bbox 1836 3736 2354 3796; x_wconf 84' lang='lat' dir='ltr'><strong>Christianorum</strong></span> <span class='ocrx_word' id='word_1_385' title='bbox 2392 3756 2517 3816; x_wconf 84' lang='lat' dir='ltr'><strong>qua</strong></span> 
     </span>
    </p>
   </div>
   <div class='ocr_carea' id='block_1_15' title="bbox 339 3820 2521 4497">
    <p class='ocr_par' dir='ltr' id='par_1_18' title="bbox 339 3820 2521 4497">
     <span class='ocr_line' id='line_1_66' title="bbox 375 3820 2513 3898; baseline 0.001 -19"><span class='ocrx_word' id='word_1_386' title='bbox 375 3821 756 3883; x_wconf 83' lang='lat' dir='ltr'><strong>servitutem</strong></span> <span class='ocrx_word' id='word_1_387' title='bbox 802 3821 1100 3882; x_wconf 86' lang='lat' dir='ltr'><strong>inutilem</strong></span> <span class='ocrx_word' id='word_1_388' title='bbox 1150 3823 1407 3898; x_wconf 78' lang='lat' dir='ltr'><strong>adfert,</strong></span> <span class='ocrx_word' id='word_1_389' title='bbox 1485 3821 1854 3880; x_wconf 85' lang='lat' dir='ltr'><strong>ceremonia</strong></span> <span class='ocrx_word' id='word_1_390' title='bbox 1898 3822 2158 3896; x_wconf 87' lang='lat' dir='ltr'><strong>finitae,</strong></span> <span class='ocrx_word' id='word_1_391' title='bbox 2209 3822 2387 3882; x_wconf 88' lang='lat' dir='ltr'><strong>Rom.</strong></span> <span class='ocrx_word' id='word_1_392' title='bbox 2419 3820 2513 3881; x_wconf 81' lang='lat'><strong>16:</strong></span> 
     </span>
     <span class='ocr_line' id='line_1_67' title="bbox 372 3903 2521 3985; baseline 0.001 -23"><span class='ocrx_word' id='word_1_393' title='bbox 372 3906 611 3964; x_wconf 85' lang='lat' dir='ltr'><strong>malum</strong></span> <span class='ocrx_word' id='word_1_394' title='bbox 669 3918 813 3981; x_wconf 88' lang='lat' dir='ltr'><strong>est,</strong></span> <span class='ocrx_word' id='word_1_395' title='bbox 883 3906 1026 3967; x_wconf 87' lang='lat' dir='ltr'><strong>Gal.</strong></span> <span class='ocrx_word' id='word_1_396' title='bbox 1091 3926 1149 3969; x_wconf 78' lang='lat'><strong>2:</strong></span> <span class='ocrx_word' id='word_1_397' title='bbox 1216 3922 1300 3982; x_wconf 83' lang='grc'><strong>4,</strong></span> <span class='ocrx_word' id='word_1_398' title='bbox 1347 3911 1409 3968; x_wconf 89' lang='lat'><strong>5.</strong></span> <span class='ocrx_word' id='word_1_399' title='bbox 1491 3904 1588 3965; x_wconf 82' lang='lat'><strong>16.</strong></span> <span class='ocrx_word' id='word_1_400' title='bbox 1656 3903 2039 3965; x_wconf 86' lang='lat' dir='ltr'><strong>Orationum</strong></span> <span class='ocrx_word' id='word_1_401' title='bbox 2087 3906 2285 3965; x_wconf 87' lang='lat' dir='ltr'><strong>horae</strong></span> <span class='ocrx_word' id='word_1_402' title='bbox 2325 3925 2521 3985; x_wconf 87' lang='lat' dir='ltr'><strong>quae-</strong></span> 
     </span>
     <span class='ocr_line' id='line_1_68' title="bbox 376 3986 2518 4070; baseline 0.001 -24"><span class='ocrx_word' id='word_1_403' title='bbox 376 3986 590 4049; x_wconf 88' lang='lat' dir='ltr'><strong>Habet</strong></span> <span class='ocrx_word' id='word_1_404' title='bbox 634 3994 845 4051; x_wconf 84' lang='lat' dir='ltr'><strong>simile</strong></span> <span class='ocrx_word' id='word_1_405' title='bbox 879 3991 1038 4070; x_wconf 89' lang='lat' dir='ltr'><strong>quid</strong></span> <span class='ocrx_word' id='word_1_406' title='bbox 1071 3993 1410 4053; x_wconf 89' lang='lat' dir='ltr'><strong>conscien-</strong></span> <span class='ocrx_word' id='word_1_407' title='bbox 1484 4009 1631 4049; x_wconf 87' lang='lat' dir='ltr'><strong>nam</strong></span> <span class='ocrx_word' id='word_1_408' title='bbox 1701 4009 1782 4049; x_wconf 83' lang='lat' dir='ltr'><strong>ex</strong></span> <span class='ocrx_word' id='word_1_409' title='bbox 1844 3991 2256 4050; x_wconf 87' lang='lat' dir='ltr'><strong>Tertulliano</strong></span> <span class='ocrx_word' id='word_1_410' title='bbox 2283 4034 2301 4063; x_wconf 94' lang='lat'><strong>,</strong></span> <span class='ocrx_word' id='word_1_411' title='bbox 2371 3989 2518 4049; x_wconf 85' lang='lat' dir='ltr'><strong>Act.</strong></span> 
     </span>
     <span class='ocr_line' id='line_1_69' title="bbox 374 4072 2519 4156; baseline 0.002 -28"><span class='ocrx_word' id='word_1_412' title='bbox 374 4072 550 4148; x_wconf 90' lang='lat' dir='ltr'><strong>tiae,</strong></span> <span class='ocrx_word' id='word_1_413' title='bbox 602 4090 628 4135; x_wconf 93' lang='lat'>1</span> <span class='ocrx_word' id='word_1_414' title='bbox 687 4079 838 4137; x_wconf 83' lang='lat' dir='ltr'><strong>Gor.</strong></span> <span class='ocrx_word' id='word_1_415' title='bbox 877 4079 938 4138; x_wconf 88' lang='lat'><strong>8:</strong></span> <span class='ocrx_word' id='word_1_416' title='bbox 989 4096 1053 4156; x_wconf 87' lang='lat'><strong>7.</strong></span> <span class='ocrx_word' id='word_1_417' title='bbox 1486 4079 1543 4136; x_wconf 79' lang='lat'><strong>3:</strong></span> <span class='ocrx_word' id='word_1_418' title='bbox 1589 4085 1654 4134; x_wconf 85' lang='grc' dir='ltr'><strong>Ἰ.</strong></span> <span class='ocrx_word' id='word_1_419' title='bbox 1759 4074 1986 4134; x_wconf 85' lang='lat' dir='ltr'><strong>Oratio</strong></span> <span class='ocrx_word' id='word_1_420' title='bbox 2067 4075 2358 4155; x_wconf 83' lang='lat' dir='ltr'><strong>prosecta</strong></span> <span class='ocrx_word' id='word_1_421' title='bbox 2435 4093 2519 4133; x_wconf 81' lang='lat' dir='ltr'><strong>ex</strong></span> 
     </span>
     <span class='ocr_line' id='line_1_70' title="bbox 339 4155 2521 4240; baseline 0 -26"><span class='ocrx_word' id='word_1_422' title='bbox 339 4155 656 4235; x_wconf 89' lang='lat' dir='ltr'><strong>Oportet,</strong></span> <span class='ocrx_word' id='word_1_423' title='bbox 724 4181 915 4240; x_wconf 89' lang='lat' dir='ltr'><strong>saepe</strong></span> <span class='ocrx_word' id='word_1_424' title='bbox 977 4179 1113 4220; x_wconf 86' lang='lat' dir='ltr'><strong>non</strong></span> <span class='ocrx_word' id='word_1_425' title='bbox 1158 4159 1411 4239; x_wconf 88' lang='lat' dir='ltr'><strong>praeci·</strong></span> <span class='ocrx_word' id='word_1_426' title='bbox 1485 4159 1613 4218; x_wconf 85' lang='lat' dir='ltr'><strong>fide</strong></span> <span class='ocrx_word' id='word_1_427' title='bbox 1674 4159 1980 4239; x_wconf 87' lang='lat' dir='ltr'><strong>impetrat</strong></span> <span class='ocrx_word' id='word_1_428' title='bbox 2037 4167 2295 4238; x_wconf 87' lang='lat' dir='ltr'><strong>aegroto</strong></span> <span class='ocrx_word' id='word_1_429' title='bbox 2343 4157 2521 4215; x_wconf 85' lang='lat' dir='ltr'><strong>salu-</strong></span> 
     </span>
     <span class='ocr_line' id='line_1_71' title="bbox 378 4243 2513 4323; baseline 0.002 -25"><span class='ocrx_word' id='word_1_430' title='bbox 378 4259 511 4299; x_wconf 80' lang='lat' dir='ltr'><strong>sam</strong></span> <span class='ocrx_word' id='word_1_431' title='bbox 559 4247 1057 4323; x_wconf 87' lang='lat' dir='ltr'><strong>necessitatem,</strong></span> <span class='ocrx_word' id='word_1_432' title='bbox 1103 4243 1217 4303; x_wconf 88' lang='lat' dir='ltr'><strong>sed</strong></span> <span class='ocrx_word' id='word_1_433' title='bbox 1239 4246 1410 4323; x_wconf 91' lang='lat' dir='ltr'><strong>quod</strong></span> <span class='ocrx_word' id='word_1_434' title='bbox 1482 4253 1611 4303; x_wconf 87' lang='lat' dir='ltr'><strong>tem</strong></span> <span class='ocrx_word' id='word_1_435' title='bbox 1675 4244 2012 4323; x_wconf 86' lang='lat' dir='ltr'><strong>corporis,</strong></span> <span class='ocrx_word' id='word_1_436' title='bbox 2079 4244 2213 4303; x_wconf 86' lang='lat' dir='ltr'><strong>Iac.</strong></span> <span class='ocrx_word' id='word_1_437' title='bbox 2254 4245 2336 4302; x_wconf 48' lang='lat'><strong>‘52</strong></span> <span class='ocrx_word' id='word_1_438' title='bbox 2412 4245 2513 4302; x_wconf 88' lang='lat'><strong>15.</strong></span> 
     </span>
     <span class='ocr_line' id='line_1_72' title="bbox 378 4326 2519 4411; baseline 0 -26"><span class='ocrx_word' id='word_1_439' title='bbox 378 4326 605 4398; x_wconf 74' lang='lat' dir='ltr'><strong>melius</strong></span> <span class='ocrx_word' id='word_1_440' title='bbox 665 4339 729 4389; x_wconf 92' lang='lat' dir='ltr'><strong>et</strong></span> <span class='ocrx_word' id='word_1_441' title='bbox 771 4330 993 4390; x_wconf 87' lang='lat' dir='ltr'><strong>utilius</strong></span> <span class='ocrx_word' id='word_1_442' title='bbox 1039 4327 1365 4411; x_wconf 78' lang='lat' dir='ltr'><strong>significat</strong></span> <span class='ocrx_word' id='word_1_443' title='bbox 1393 4375 1412 4404; x_wconf 94' lang='lat'><strong>,</strong></span> <span class='ocrx_word' id='word_1_444' title='bbox 1488 4328 1819 4389; x_wconf 85' lang='lat' dir='ltr'><strong>Orationis</strong></span> <span class='ocrx_word' id='word_1_445' title='bbox 1853 4328 2233 4387; x_wconf 74' lang='lat' dir='ltr'><strong>Dominica&#39;e</strong></span> <span class='ocrx_word' id='word_1_446' title='bbox 2258 4327 2519 4405; x_wconf 88' lang='lat' dir='ltr'><strong>laudes,</strong></span> 
     </span>
     <span class='ocr_line' id='line_1_73' title="bbox 383 4412 2521 4497; baseline 0.001 -28"><span class='ocrx_word' id='word_1_447' title='bbox 383 4412 574 4472; x_wconf 79' lang='lat' dir='ltr'><strong>Hebr.</strong></span> <span class='ocrx_word' id='word_1_448' title='bbox 621 4436 679 4495; x_wconf 85' lang='lat'><strong>9:</strong></span> <span class='ocrx_word' id='word_1_449' title='bbox 730 4415 833 4476; x_wconf 89' lang='grc'><strong>26.</strong></span> <span class='ocrx_word' id='word_1_450' title='bbox 1439 4414 1651 4497; x_wconf 54' lang='grc' dir='ltr'><strong>ιΙΛκι.</strong></span> <span class='ocrx_word' id='word_1_451' title='bbox 1717 4430 1815 4475; x_wconf 85' lang='lat'><strong>11:</strong></span> <span class='ocrx_word' id='word_1_452' title='bbox 1881 4430 1933 4484; x_wconf 85' lang='grc' dir='ltr'><strong>Ι.</strong></span> <span class='ocrx_word' id='word_1_453' title='bbox 2022 4412 2251 4474; x_wconf 82' lang='lat' dir='ltr'><strong>Oratio</strong></span> <span class='ocrx_word' id='word_1_454' title='bbox 2321 4412 2521 4474; x_wconf 84' lang='lat' dir='ltr'><strong>animi</strong></span> 
     </span>
    </p>
   </div>
  </div>
 </body>
</html>
