2779 5085
361 222 485 269 202
521 236 536 259 t
1194 196 1221 257 1
1293 192 1348 253 N
1422 192 1478 250 D
1544 189 1598 252 fo
1664 191 1721 252 x

401 382 455 422 1:
503 373 564 430 4.
635 353 1013 437 Redemptio
1064 316 1451 415 :inimorum'
1504 351 1853 426 mendum,
1941 349 2172 413 Matth.
2261 370 2362 415 22:
2436 368 2547 428 44.

391 456 456 506 et
505 463 847 523 corporum
877 439 1137 519 quando
1168 450 1233 499 et
1272 461 1425 518 quo·
1504 434 1751 495 Passim
1797 434 2078 496 refertur
2124 438 2206 496 ad
2253 458 2330 498 ea
2384 450 2548 500 tem-

392 529 584 590 nmdo
633 530 747 587 fiat
773 572 790 601 ,
843 524 1024 583 Rom.
1069 528 1127 584 8:
1181 526 1280 585 23.
1325 525 1428 584 ·1n
1501 539 1665 601 pora
1719 540 1881 600 quae
1926 530 2068 600 post
2112 527 2551 584 resurrectio-¹

392 615 661 674 Christo
707 610 860 691 qnid
905 611 1035 683 ait,
1084 617 1148 669 et
1189 612 1259 668 in
1300 630 1427 689 quo
1500 624 1647 664 nem
1694 604 1827 664 eiua
1876 604 2246 681 fluxerunt,
2304 608 2542 681 Matth.

392 698 748 770 consistat,
801 694 982 754 Rom.
1030 695 1090 756 3:
1140 707 1242 765 24.
1509 689 1602 751 1'6:
1675 693 1777 750 28.
1906 692 1983 751 ld
2048 690 2119 750 in
2186 704 2544 772 conspectu

348 783 590 845 Redire
640 780 721 841 ad
768 799 872 853 se,
944 777 1083 858 quio
1130 777 1423 850 dicatur,
1496 772 1829 834 hominum
1871 775 2149 851 humilex,
2193 775 2260 835 iu
2287 798 2356 838 ae
2384 798 2542 839 vere

393 870 555 929 Luc.
585 869 678 928 15:
719 885 811 940 17.
896 862 1136 923 Redire
1172 862 1243 921 in
1277 883 1424 942 gre·
1498 879 1764 939 regnum
1837 870 1901 920 et
1972 860 2253 920 omnium
2334 863 2546 921 nubli-

388 955 546 1013 tiam
578 998 594 1028 ,
643 948 880 1013 Matth.
922 950 981 1008 5:
1025 960 1132 1018 24.
1484 944 1887 1019 minimum,
1913 943 2054 1005 loh.
2083 964 2174 1004 12:
2211 946 2302 1005 16.
2346 947 2544 1006 Com-

344 1037 777 1117 Rel'rigerium
856 1042 1133 1092 vocatur
1221 1039 1423 1089 statua
1502 1030 1784 1089 muniter
1847 1031 1930 1089 ad
1992 1050 2213 1089 omnen
2263 1032 2543 1111 populos

389 1125 749 1183 animorum
789 1117 1102 1177 iustorum
1141 1124 1290 1175 ante
1321 1135 1427 1174 re-
1497 1112 1825 1191 pertinet,
1875 1100 2151 1175 ‘M'atssu
2239 1130 2338 1186 24ι
2434 1136 2540 1194 27.

330 1228 343 1239 ·
388 1206 902 1274 surrectionem,
940 1201 1098 1262 Luc.
1145 1201 1236 1262 16:
1279 1202 1382 1261 25.
1500 1195 1715 1258 Facile
1761 1201 2026 1278 agnosci
2077 1206 2326 1278 potest,
2375 1199 2543 1261 Luc.

347 1287 781 1371 Regeneratio
834 1307 949 1365 pro
996 1285 1422 1346 resurrectio·

387 1397 511 1447 ne,
558 1370 787 1434 Manu.
837 1391 928 1450 19:
971 1372 1071 1431 28.
1135 1369 1422 1451 Regene-

387 1459 666 1521 rationis
701 1457 1051 1535 imaginem
1088 1457 1287 1535 gessit
1320 1475 1420 1513 u-

388 1544 489 1602 lus
519 1541 693 1602 Noae
730 1548 947 1620 parta,
977 1560 1000 1599 1
1034 1539 1207 1617 Petr.
1234 1544 1291 1601 3:
1325 1558 1423 1599 21.

347 1627 646 1708 Begeniti
692 1645 804 1706 per
841 1626 1046 1685 Deum
1078 1644 1205 1704 quo
1232 1644 1422 1685 sensu

386 1730 658 1794 peccare
679 1718 1019 1790 negentur,
1054 1708 1232 1768 Rom.
1247 1730 1303 1770 2:
1329 1728 1350 1766 1
1366 1729 1424 1768 2.

390 1795 688 1878 Regeniti
728 1794 919 1873 primi
949 1814 1063 1873 per
1093 1793 1422 1853 Christum

384 1892 537 1943 aunt
580 1878 915 1958 Apostoli,
962 1876 1166 1939 Hebr.
1198 1894 1292 1939 12:
1328 1881 1425 1939 23.

388 1966 749 2045 Regignere
803 1962 1130 2025 hominem
1190 1963 1306 2023 Dei
1353 1986 1417 2021 0·

391 2054 515 2129 pua‘
557 2059 693 2124 est,
741 2047 1015 2108 Philem.
1063 2067 1118 2108 1.
1356 2108 1361 2121 ‚

347 2134 634 2216 Reginae
701 2134 853 2194 olim
915 2133 1128 2192 dictae
1182 2131 1422 2211 Regum

390 2222 565 2281 filiae
609 2227 675 2279 et
721 2227 978 2295 neptes,
1027 2217 1173 2279 Act.
1200 2221 1424 2285 25:22.
1472 2262 1477 2278 2

348 2303 549 2385 Regio
582 2304 698 2363 Dei
721 2294 740 2375 ,'
769 2303 1057 2374 Coelum,
1087 2299 1424 2361 1011.6:62.

344 2388 545 2469 Regia
603 2388 800 2464 stirps
851 2385 1242 2445 sacerdotali
1305 2406 1424 2443 no-

390 2474 630 2547 bilior,
694 2472 853 2531 Luc.
907 2489 958 2531 1:
1004 2473 1066 2530 5.
1156 2469 1421 2549 Regium

371 2580 528 2620 ‘ease
567 2558 730 2617 nulli
768 2556 1016 2616 servire
1051 2555 1422 2634 cupiditati,

394 2662 418 2701 1
468 2644 642 2710 Petr.
689 2660 744 2700 2:
790 2660 854 2717 9.
957 2657 1002 2680 ⁷,

1499 1387 1640 1424 cum
1695 1368 1872 1447 regio
1924 1368 2313 1447 splendore,
2373 1370 2536 1451 Luc.

1506 1470 1598 1523 17:
1654 1472 1752 1511 20.
1812 1453 1988 1513 Mere
2030 1454 2366 1531 spirituale
2394 1464 2534 1530 eat,

1500 1534 1641 1595 1011.
1695 1540 1788 1597 15:
1847 1540 1959 1615 15,
2014 1538 2106 1598 16:
2164 1542 2259 1600 13.
2344 1538 2541 1600 Eius-

1500 1620 1672 1679 modi
1742 1630 1842 1682 eat
1893 1622 2203 1703 ingenii„
2235 1633 2302 1681 ut
2346 1623 2559 1705 Regi-¹

1501 1707 1615 1764 bus
1649 1704 1838 1765 huius
1877 1707 2100 1767 mundi
2129 1728 2260 1767 non
2287 1709 2533 1784 obstet,

1497 1789 1654 1869 quin
1700 1792 1910 1869 potius
1956 1792 2213 1851 illorum
2259 1793 2537 1872 imperia

1454 1875 1721 1934 'multis
1791 1877 1996 1935 modis
2063 1878 2320 1951 firmet,
2390 1879 2538 1938 Act.

1507 1980 1599 2037 17:
1650 1980 1708 2038 7.
1777 1962 2284 2022 Distinclionem
2314 1983 2538 2040 perec-

1502 2046 2017 2107 narum·11ullam
2059 2046 2257 2123 facit,
2300 2046 2538 2107 Matth-

1501 2143 1598 2198 24:
1666 2141 1768 2198 41.
1890 2129 2041 2189 Est.
2088 2132 2160 2189 in
2245 2132 2533 2206 iudicio,

1504 2211 1787 2291 Regnum
1839 2216 1956 2272 Dei
2003 2224 2145 2292 poet
2172 2216 2534 2292 iudicium,

1499 2296 1667 2376 Eph.
1704 2301 1762 2357 5:
1804 2302 1866 2358 5.
1934 2298 2075 2369 Quo
2115 2310 2302 2377 pacto
2343 2299 2538 2361 inno·

1500 2382 1698 2441 tuerit
1743 2384 2112 2460 Apostolia,
2167 2381 2393 2442 Matth.
2436 2386 2532 2446 16:

1500 2468 1599 2525 28.
1648 2465 1852 2540 Unde
1880 2467 2283 2525 crediderint
2325 2470 2539 2548 Apoe-

1496 2550 1615 2607 toli
1642 2551 1782 2609 fore
1805 2551 2277 2629 adspectabile,
2302 2554 2538 2614 Matth.

1509 2637 1597 2694 18:
1655 2655 1723 2707 1,
1789 2652 1889 2704 24:
1944 2639 2021 2709 3,
2094 2636 2232 2696 Ioh.
2285 2652 2377 2709 14:
2431 2658 2535 2699 22.

1505 1301 1597 1361 19:
1646 1297 1750 1352 4ο.
1840 1282 1984 1342 Non
2033 1294 2131 1344 eet
2184 1294 2538 1347 venturum
2640 1290 2643 1295 ’

345 2725 777 2806 Regnabimns
824 2724 892 2780 in
940 2720 1246 2792 Christe,
1311 2722 1422 2781 sed

1500 2718 1545 2778 F
1556 2722 2054 2795 lorentissimum
2098 2721 2367 2800 quando·
2392 2722 2537 2784 fue-

386 2812 456 2870 in
502 2830 704 2888 quos,
753 2806 1017 2866 difficile
1061 2805 1239 2865 dictu
1285 2817 1423 2882 est,
1501 2803 1627 2878 rit,
1679 2803 1832 2862 Luc.
1877 2825 1969 2882 17:
2000 2826 2123 2866 222.

392 2893 558 2970 Eph.
607 2913 662 2953 2:
712 2891 796 2960 6.
881 2925 884 2928 >

349 2980 640 3058 Regnum
664 3026 683 3057 ‚
727 2973 1072 3055 splendida
1106 2974 1422 3048 servitus,

388 3064 621 3128 Maith.
694 3081 791 3123 20:
859 3063 961 3122 25.
1088 3059 1424 3140 Regnum„

392 3148 751 3230 Legislatio
793 3155 859 3206 et
896 3145 1213 3205 Iudicium
1252 3146 1429 3203 inter

388 3257 455 3296 se
504 3233 888 3303 cohaerent,
938 3230 1169 3291 Matth.
1199 3229 1294 3290 16:
1326 3231 1426 3289 28.

390 3303 677 3398 Regnum
728 3324 828 3374 est
866 3315 933 3373 in
949 3299 1145 3395 Qege
1181 3324 1247 3374 et
1275 3314 1420 3372 sub-

391 3406 588 3475 ditis,
645 3421 666 3460 1
726 3400 877 3458 Cor.
931 3417 1021 3458 12:
1078 3418 1173 3459 12.
1263 3397 1427 3477 Reg-

387 3509 540 3548 num
589 3485 697 3566 qui
751 3482 1003 3557 laedit,
1054 3482 1255 3542 laedit
1303 3482 1396 3560 Re

389 3595 574 3654 gem,
639 3571 783 3630 Act.
842 3588 902 3647 9:
967 3580 1029 3638 4.
1137 3567 1423 3646 Regnum

387 3659 513 3718 eibi
581 3654 1000 3714 vindicantes
1061 3652 1274 3712 dicere
1324 3674 1420 3711 80—

389 3731 534 3803 lent'
575 3762 641 3800 ee
692 3759 832 3798 cum
882 3759 956 3797 eo
1010 3736 1152 3797 iure
1195 3747 1424 3810 natos,

389 3827 532 3889 Iob.
585 3828 677 3886 18:
730 3827 832 3902 37.
923 3822 1251 3903 Regnum,
1310 3844 1426 3902 pro

1375 2931 1382 2935 -
1462 2887 1663 2968 Regni
1738 2886 1982 2948 Christi
2027 2889 2315 2960 elindicia
2384 2900 2536 2953 ante

1499 2977 1635 3032 eius
1695 2983 2015 3048 mortem,
2085 2974 2228 3035 loh.
2290 2994 2382 3038 12:
2436 2981 2536 3048 ‚13-

1499 3057 1764 3118 Initinm
1819 3060 1956 3118 eius
2023 3060 2400 3132 aestimatur
2448 3063 2534 3120 eh

1499 3144 1839 3202 evectione
1872 3143 1942 3201 in
1982 3146 2227 3203 coelum
2247 3186 2268 3216 ,
2303 3144 2535 3206 Matth.

1505 3248 1602 3303 27:
1644 3248 1735 3295 101.
1798 3228 2090 3307 Incoepti
2118 3230 2335 3308 signa,
2380 3228 2537 3290 Luc.

1508 3333 1601 3386 17:
1671 3331 1771 3372 21.
1860 3311 2015 3371 Eius
2101 3314 2535 3393 complemen-

1501 3407 1673 3470 tum,
1746 3395 1885 3478 1011.
1955 3416 2053 3457 21:
2103 3401 2206 3459 23.
2293 3398 2535 3459 Excel-

1501 3482 1752 3555 tentia,
1802 3479 2032 3541 Maith.
2081 3502 2178 3542 20:
2231 3487 2330 3543 28.
2379 3483 2533 3543 Eius

1500 3575 1733 3647 natura
1763 3565 1868 3625 vel
1900 3568 2267 3645 ingenium,
2307 3555 2533 3628 Maith.

1501 3669 1601 3710 21:
1657 3668 1752 3708 12.
1822 3651 2192 3710 Discrimen
2238 3674 2274 3710 a
2314 3652 2532 3734 regnis

1501 3735 1781 3794 terrenis
1825 3744 1890 3793 et
1939 3737 2224 3814 imperiis
2273 3738 2530 3811 mundi,

1503 3817 1732 3892 Matth.
1763 3838 1860 3880 20:
1893 3820 2005 3894 26,
2062 3839 2158 3881 21:
2188 3825 2261 3896 5,
2293 3836 2389 3893 24:
2417 3823 2530 3898 41',

392 3912 601 3994 gloria
652 3907 857 3990 Regni
907 3916 1057 3986 post
1099 3926 1424 3967 reem-rec·
1509 3903 1664 3963 Luc.
1704 3923 1800 3963 22:
1857 3925 1955 3977 27.
2044 3904 2195 3965 Eius
2238 3913 2530 3966 naturam

388 3998 673 4068 tionem,
705 3995 860 4054 Luc.
885 4014 942 4072 9:
971 3994 1074 4063 48.
1137 3991 1424 4073 Regnum
1505 3987 1718 4049 Pilato
1785 3989 2098 4049 Dominus
2145 3992 2534 4070 interpreta-

394 4079 725 4162 Sapientia
800 4078 1205 4154 Stoicorum,
1285 4074 1428 4136 1011.
1492 4084 1650 4147 tur,
1699 4072 1839 4132 loh.
1900 4080 1987 4133 18:
2038 4078 2140 4145 34.

403 4168 500 4226 18:
550 4166 653 4227 38.

1470 4157 1750 4238 Regnum
1831 4160 1996 4218 coeli
2069 4159 2214 4219 vel·
2256 4156 2530 4234 coeleste

356 4252 646 4327 Regnum
715 4246 988 4307 Christi
1027 4246 1305 4306 coeleste
1368 4253 1423 4302 el
1506 4243 1707 4330 quid,
1756 4242 1985 4303 Matth.
2031 4247 2087 4304 5:
2137 4264 2213 4318 2,
2271 4245 2362 4304 13:
2412 4246 2531 4323 391,
2594 4301 2601 4318 ,

399 4334 824 4417 Angelicum,
871 4330 1013 4392 Ioh.
1061 4333 1152 4406 18:
1184 4330 1284 4390 36.
1331 4328 1423 4387 Ex
1511 4348 1605 4389 22:
1677 4346 1737 4388 2.

396 4420 610 4506 gloria
637 4426 714 4479 et
751 4424 1068 4499 potestate
1092 4427 1206 4480 sua
1240 4414 1422 4474 aesti-

1850 4327 2165 4406 Nusquam
2229 4327 2433 4388 fuisse
2492 4348 2540 4388 -a

1515 4413 1689 4493 Mose
1728 4412 1834 4472 vel
1868 4412 2208 4492 Prophetis
2245 4414 2541 4474 nomina-

2190 4512 2205 4520 *
2374 4505 2537 4572 tum,
