2779 5085
634 156 1069 265 mann
1159 221 1258 262 n
1348 196 2010 266 vssnsouun.
2324 168 2530 296 1679·

291 369 532 443 optare
577 358 879 420 solebant
911 359 1042 420 viri
1083 360 1334 442 magni,
1414 359 1572 419 Luc.
1614 381 1676 442 7:
1718 366 1826 434 45.
1896 365 2278 430 Adhibitum
2321 393 2441 433 an-

295 445 475 527 Eph.
546 465 598 505 11
670 446 768 504 18.
871 444 1096 505 Oculis
1165 446 1337 526 capti
1413 445 1672 524 tiquitus
1736 448 1808 507 in
1869 450 2235 531 Baptismo,
2300 478 2441 519 mg.

294 539 629 593 vocantur
669 527 890 604 caeci,
938 528 1094 588 Luc.
1139 544 1199 601 41
1242 533 1337 591 18.
1411 549 1607 587 nuum
1645 531 2058 615 impositione
2096 547 2159 598 et
2187 544 2444 601 unctio..

299 615 420 677 Eis
445 614 709 675 credere
737 613 1097 673 certissima
1120 615 1201 673 ad
1226 636 1335 675 ve·
1413 634 1493 671 ne
1546 624 1869 694 postrema
1894 664 1913 694 ,
1982 622 2184 682 Marc.
2227 625 2287 685 61
2346 631 2441 688 13.

299 702 371 762 ri
406 698 889 781 perceptionem
918 698 1069 774 via,
1108 699 1339 759 Matth.
1417 698 1701 758 Gratiam
1750 702 2061 766 Divinam
2110 709 2443 788 significa-

302 788 411 847 28:
459 784 523 843 6.
611 782 852 843 Oculos
925 785 1175 864 aperire
1242 794 1340 845 est
1414 778 1563 859 bat',
1635 784 1767 844 Iac.
1826 792 1886 849 5:
1942 804 2036 862 14.
2123 794 2441 855 Gaudium

299 866 526 929 facere
546 876 623 927 ut
643 867 946 946 videant,
985 868 1127 928 Ioh.
1151 890 1211 949 9:
1245 887 1340 929 10.
1414 866 1818 947 significabat
1851 880 1918 932 et
1957 877 2323 937 morborum
2351 881 2446 939 le-

303 952 438 1015 Eos
485 954 558 1011 in
607 952 902 1033 precibus
952 953 1035 1011 ad
1091 956 1337 1014 coelum
1413 954 1677 1029 nimen,
1724 954 1927 1015 Marc.
1965 959 2025 1021 6:
2082 967 2177 1023 13.
2269 963 2446 1023 Con·

297 1037 587 1096 tollendi
631 1057 765 1096 mos
803 1037 994 1105 simul
1028 1057 1169 1097 cum
1202 1058 1338 1097 ma·
1413 1037 1715 1096 stantiam
1771 1051 1838 1100 et
1893 1045 2267 1122 patientiam
2316 1049 2447 1129 sig·-

305 1122 543 1197 nibus,
597 1121 756 1179 Luc.
806 1123 900 1181 18:
955 1125 1051 1183 13.
1411 1121 1764 1198 nificabat,
1825 1126 1993 1187 ibid.
2080 1129 2228 1191 Olei
2290 1154 2440 1192 usus
2541 1172 2546 1175 Δ

257 1206 503 1267 Odium
569 1204 825 1266 Iudaeis
871 1205 1335 1286 praescriptum
1415 1204 1496 1263 ad
1542 1206 1809 1267 delicias
1836 1254 1855 1285 ,
1903 1211 2106 1290 Apoc.
2148 1216 2207 1276 6:
2255 1216 2316 1276 6.

307 1292 624 1350 adversus
662 1298 1004 1350 extraneos
1026 1292 1335 1370 quosdam
1374 1289 1606 1351 Olivae
1651 1293 1917 1372 quinam
1959 1310 2311 1378 vocentur,
2354 1301 2450 1363 A-

302 1395 634 1456 quousque
688 1374 953 1434 extendi
1001 1374 1336 1451 debuerit,
1413 1394 1552 1453 poc.
1598 1394 1692 1437 111
1740 1391 1805 1450 4.

305 1458 543 1526 Matth.
605 1462 665 1520 5:
724 1461 829 1528 43.
917 1457 1072 1518 Eius
1120 1459 1337 1539 aequi-
1374 1458 1622 1518 Oliveti
1665 1482 1846 1522 mons
1872 1511 1893 1543 ‚
1940 1464 2122 1525 locus
2171 1466 2452 1530 submis-

303 1553 406 1604 tas
432 1587 452 1621 ,
499 1543 668 1603 ibid.
737 1541 889 1602 Odii
932 1543 1032 1605 vis
1068 1544 1337 1626 ingens,
1414 1544 1616 1602 sionis
1659 1555 1725 1604 et
1766 1548 2010 1627 gloriae
2048 1551 2292 1612 Christi
2318 1566 2450 1614 tes-

307 1627 546 1691 Matth.
592 1641 690 1698 24:
738 1647 821 1707 93
891 1649 1027 1687 mos
1086 1639 1151 1689 et
1195 1650 1340 1708 per·
1413 1630 1542 1702 tis,
1593 1627 1751 1688 Luc.
1799 1648 1895 1702 24:
1942 1637 2046 1693 50.

303 1713 632 1791 versitas,
681 1711 886 1771 Marc.
933 1733 990 1773 21
1039 1733 1099 1793 7.
1185 1713 1337 1774 Odii
1376 1713 1581 1772 Omne
1666 1719 2024 1795 postposito
2090 1740 2218 1778 non
2276 1722 2446 1798 apud

302 1799 378 1858 in
470 1796 793 1857 Christum
870 1818 1028 1857 vera
1103 1817 1337 1874 causa,
1417 1796 1744 1857 Hebraeos
1795 1801 2034 1862 Graece
2083 1805 2446 1865 scribentes

306 1881 455 1945 Ioh.
502 1901 560 1961 7:
610 1885 723 1956 32,
770 1883 829 1942 81
885 1900 980 1961 19.
1056 1879 1224 1941 Odia
1271 1904 1340 1941 a-
1417 1884 1879 1945 universaliter
1925 1897 2157 1967 negat,
2230 1909 2251 1948 1
2306 1889 2449 1949 loh.

305 1966 686 2028 cerbissima
769 1984 851 2023 ex
959 1965 1339 2026 diversitate
1418 1986 1473 2027 21
1527 1986 1627 2026 21.
1715 1969 1920 2029 Omne
1966 1994 2084 2051 pro
2132 1992 2209 2031 eo
2274 1977 2447 2054 quod

308 2073 612 2125 morum,
667 2049 875 2110 11011.
917 2052 973 2111 3:
1023 2068 1117 2110 12.
1173 2051 1341 2111 Odia
1415 2060 1513 2111 est
1603 2072 1963 2130 summum,
2057 2056 2189 2115 Iac.
2263 2077 2315 2119 11
2390 2079 2450 2119 2.

310 2130 541 2204 Mundi
603 2128 668 2194 et
730 2134 1053 2193 cruciatus
1123 2136 1341 2215 subse·
1417 2136 1621 2196 Omne
1660 2158 1815 2217 opus
1855 2139 1927 2198 in
1959 2141 2268 2200 Misnaiot
2297 2165 2451 2224 pro-

309 2230 623 2302 quentes,
671 2227 821 2277 sunt
858 2219 1089 2277 summi
1127 2219 1195 2279 in
1224 2243 1339 2279 nos
1414 2219 1676 2280 hibetur
1739 2222 1806 2281 in
1879 2225 2209 2285 Sabbatho
2236 2271 2255 2301 ,
2319 2228 2449 2291 nisi

308 2305 549 2365 amoris
639 2303 762 2362 Dei
855 2303 1291 2363 testimonium
1321 2351 1337 2379 ,
1415 2305 1499 2363 sit
1524 2327 1637 2384 pro
1664 2307 1914 2382 anima,
1965 2309 2192 2368 Matth.
2224 2331 2316 2371 12:
2354 2332 2450 2372 11.

311 2409 338 2450 1
382 2388 528 2450 Ιο11.
569 2402 630 2460 41
688 2406 782 2465 17.
848 2387 1035 2447 Odiis
1075 2391 1339 2448 multum
1376 2391 1616 2450 Omnes
1659 2412 1772 2470 per
1828 2392 2156 2452 Christum
2202 2417 2449 2456 vocan-

308 2482 537 2557 patent
569 2472 676 2554 qui
704 2473 975 2533 aliorum
1004 2472 1167 2533 vitia
1197 2495 1339 2534 cor·
1414 2484 1520 2534 tur
1545 2518 1564 2551 ,
1632 2485 1697 2533 et
1751 2477 1831 2536 ob
1885 2478 2211 2550 Christum
2261 2482 2447 2562 diligi

306 2561 574 2640 rigant,
630 2577 653 2616 1
708 2557 880 2617 Tim.
922 2562 982 2619 5:
1039 2555 1153 2637 19.
1416 2560 1699 2636 debent,
1752 2582 1777 2622 1
1835 2563 1973 2623 loh.
2030 2585 2089 2626 21
2145 2588 2206 2647 9.
2297 2569 2451 2625 0111-

269 2646 501 2706 Odisse
556 2642 771 2719 mala,
819 2643 1147 2704 laudabile
1195 2653 1338 2719 est,
1415 2666 1529 2706 nes
1596 2667 1714 2725 pro
1773 2648 2144 2729 plerisque,
2216 2651 2450 2712 Matth.

311 2731 519 2810 Apoc.
568 2747 624 2788 2:
671 2746 731 2787 2.
798 2728 1029 2788 Odisse
1068 2750 1185 2809 pro
1223 2730 1337 2788 mi·
1423 2749 1516 2790 10:
1566 2750 1671 2790 22.

308 2835 428 2875 nus
476 2832 731 2891 amare,
776 2811 936 2871 Luc.
980 2826 1073 2883 141
1121 2813 1223 2874 26.
1378 2815 1596 2875 Onera
1623 2837 1738 2875 cur
1765 2817 1941 2878 dicta
1976 2819 2444 2899 Prophetarum

271 2897 676 2960 Offendicula
697 2896 1016 2977 quomodo
1036 2896 1338 2975 vitanda,
1418 2895 1630 2958 minae
1698 2910 1763 2960 et
1821 2904 2343 2984 obiurgationes,
2409 2925 2449 2966 2

311 2983 545 3045 Matth.
595 2985 687 3042 15:
743 2984 839 3043 13.
1422 2984 1573 3042 Cor.
1622 2988 1781 3045 2:.5.

274 3068 571 3129 Offensae
639 3064 876 3125 debitis
945 3065 1338 3147 pecuniariis
1378 3067 1719 3128 Onesimus
1780 3069 1958 3127 cuias
2002 3068 2246 3145 fuerit,
2307 3074 2449 3133 Col.

308 3174 497 3233 saepe
543 3159 1046 3233 comparantur,
1111 3150 1341 3213 Matth.
1418 3167 1477 3222 41
1527 3171 1589 3230 9.
1687 3150 2053 3231 Ephesinae
2119 3153 2448 3217 Ecclesiae

316 3241 410 3299 181
460 3241 520 3299 3.
579 3235 582 3244 ’
1419 3236 1772 3315 Episcopus
1821 3247 2026 3298 morte
2076 3237 2337 3298 affectus
2380 3263 2452 3299 e-

274 3321 563 3383 Officium
605 3318 967 3379 Christiani
1003 3320 1195 3381 etiam
1237 3342 1333 3381 er·
1420 3322 1594 3381 dicto
1638 3321 1953 3397 Traiani,
2001 3323 2328 3403 Apocae13:
2360 3329 2452 3386 15.

308 3428 386 3487 ga
428 3428 534 3465 eos
585 3426 621 3464 a
665 3405 894 3484 quibus
942 3406 1157 3467 laesus
1201 3415 1338 3485 est,
1377 3407 1654 3484 Operari
1725 3407 2006 3474 dedecus
2090 3429 2225 3467 non
2304 3419 2403 3469 est
2429 3456 2447 3485 ,

317 3491 470 3550 Luc.
523 3511 615 3567 17:
664 3495 724 3551 3.
813 3491 1022 3550 Officii
1080 3491 1337 3551 humani
1391 3492 1555 3551 -Tit.
1620 3496 1807 3554 32‘8.
1931 3493 2255 3574 Operari,
2320 3496 2448 3555 Dei

309 3585 519 3654 partes
567 3584 739 3648 tres,
789 3576 923 3635 Tit.
970 3595 1024 3636 2:
1066 3596 1161 3636 12.
1226 3576 1340 3636 Os·
1418 3598 1576 3655 opus
1624 3586 1759 3651 est,
1812 3577 1969 3637 Luc.
2021 3575 2113 3658 171
2163 3580 2226 3638 6.

311 3661 460 3719 ficia
530 3660 773 3719 debent
856 3662 1031 3724 inter
1096 3662 1338 3721 amicos
1376 3661 1688 3741 Operatio
1735 3663 2129 3744 intelligitur
2175 3682 2256 3720 ex
2300 3685 2456 3742 ope-

311 3765 448 3803 esse
515 3754 778 3818 mutua,
844 3745 999 3805 Luc.
1068 3764 1159 3807 101
1212 3750 1335 3824 37,
1417 3766 1532 3821 re,
1598 3746 1784 3806 Rom.
1854 3767 1905 3807 11
1970 3766 2070 3807 20.
2164 3747 2319 3806 Sola
2368 3750 2451 3809 ad

309 3848 347 3904 2
398 3830 550 3887 Cor.
597 3830 656 3888 8:
715 3842 809 3897 14.
896 3829 1138 3889 Officiis
1205 3852 1336 3889 non
1420 3830 1885 3909 professionem
1952 3851 2148 3891 verae
2205 3831 2458 3891 doctri-

309 3913 713 3973 conveniunt
749 3912 1012 3972 affectus
1037 3917 1146 3974 vel
1182 3936 1336 3974 con·
1417 3935 1539 3973 nae
1561 3914 1730 3972 nihil
1757 3916 2056 3993 prodest,
2090 3914 2322 3977 Luc.6:
2346 3933 2452 3996 47.

309 3998 460 4056 silia
507 3999 762 4074 carnis,
806 3997 1038 4076 Matth.
1091 4016 1185 4060 12:
1235 4002 1337 4069 48.
1376 3998 1548 4077 Opus
1604 4001 1924 4078 quodnam
1985 4001 2179 4060 fidem
2229 4015 2452 4062 osten-

273 4082 467 4143 Oleae
526 4080 905 4161 metaphora
964 4102 1078 4141 cur
1122 4084 1334 4164 potius
1419 4084 1573 4158 dat,
1632 4105 1653 4142 1
1709 4081 1941 4146 Thess.
1994 4106 2044 4146 1:
2088 4106 2146 4145 2.
2238 4087 2446 4166 Opus,

305 4188 495 4243 quam
562 4168 728 4227 alius
799 4166 1054 4226 arboris
1133 4170 1334 4228 utitur
1415 4170 1530 4227 sed
1564 4169 1929 4246 internum,
1966 4180 2064 4230 est
2099 4170 2337 4232 fiducia
2376 4176 2450 4233 in
2555 4178 2562 4198 '

309 4252 575 4329 Paulus,
630 4253 815 4312 Rom.
863 4270 957 4311 111
1013 4269 1112 4331 17.
1416 4256 1668 4330 Deum,
1734 4253 1876 4315 Ioh.
1932 4255 1993 4317 62
2042 4276 2143 4335 29.
2232 4256 2450 4335 Opera

273 4335 495 4395 Oleum
565 4338 809 4398 dicitur
892 4335 1207 4397 Hebraeis
1273 4345 1336 4395 et
1414 4349 1665 4399 mortua
1749 4349 2069 4402 vocantur
2133 4352 2445 4420 peccata,

301 4419 571 4483 Graecis
595 4431 986 4507 unguentum
1019 4422 1331 4504 quodvis,
1416 4422 1852 4570 110111.ῐ91514.
1914 4426 2127 4508 Opera
2164 4424 2447 4569 Christlil,

722 4535 725 4538 ’
2342 4534 2377 4567 0
2434 4552 2449 4568 ο
