<?xml version="1.0" encoding="UTF-8"?>
<!DOCTYPE html PUBLIC "-//W3C//DTD XHTML 1.0 Transitional//EN"
    "http://www.w3.org/TR/xhtml1/DTD/xhtml1-transitional.dtd">
<html xmlns="http://www.w3.org/1999/xhtml" xml:lang="en" lang="en">
 <head>
  <title>
</title>
<meta http-equiv="Content-Type" content="text/html;charset=utf-8" />
  <meta name='ocr-system' content='tesseract 3.04.00' />
  <meta name='ocr-capabilities' content='ocr_page ocr_carea ocr_par ocr_line ocrx_word'/>
</head>
<body>
  <div class='ocr_page' id='page_1' title='image "./annotationesinn00grotgoog_0089.png"; bbox 0 0 2779 5085; ppageno 0'>
   <div class='ocr_carea' id='block_1_1' title="bbox 617 214 1933 282">
    <p class='ocr_par' dir='ltr' id='par_1_1' title="bbox 617 214 1933 282">
     <span class='ocr_line' id='line_1_1' title="bbox 617 214 1933 282; baseline -0.001 0"><span class='ocrx_word' id='word_1_1' title='bbox 617 220 1005 282; x_wconf 74' lang='lat' dir='ltr'><strong>RERUM</strong></span> <span class='ocrx_word' id='word_1_2' title='bbox 1090 238 1189 279; x_wconf 70' lang='lat' dir='ltr'><strong>ar</strong></span> <span class='ocrx_word' id='word_1_3' title='bbox 1281 214 1933 281; x_wconf 73' lang='lat' dir='ltr'><strong>VERBORUM.</strong></span> 
     </span>
    </p>
   </div>
   <div class='ocr_carea' id='block_1_2' title="bbox 2298 244 2375 308">
    <p class='ocr_par' dir='ltr' id='par_1_2' title="bbox 2298 244 2375 308">
     <span class='ocr_line' id='line_1_2' title="bbox 2298 244 2375 308; baseline 0.026 -2"><span class='ocrx_word' id='word_1_4' title='bbox 2298 244 2375 308; x_wconf 84' lang='lat'><strong>75</strong></span> 
     </span>
    </p>
   </div>
   <div class='ocr_carea' id='block_1_3' title="bbox 198 375 2375 547">
    <p class='ocr_par' dir='ltr' id='par_1_3' title="bbox 198 375 2375 547">
     <span class='ocr_line' id='line_1_3' title="bbox 198 375 2375 463; baseline -0 -17"><span class='ocrx_word' id='word_1_5' title='bbox 198 380 540 446; x_wconf 71' lang='lat' dir='ltr'><strong>christus</strong></span> <span class='ocrx_word' id='word_1_6' title='bbox 587 377 716 439; x_wconf 85' lang='lat' dir='ltr'><strong>nisi</strong></span> <span class='ocrx_word' id='word_1_7' title='bbox 758 378 1115 455; x_wconf 74' lang='lat' dir='ltr'><strong>volentes,:</strong></span> <span class='ocrx_word' id='word_1_8' title='bbox 1110 376 1276 439; x_wconf 84' lang='lat' dir='ltr'><strong>loh.</strong></span> <span class='ocrx_word' id='word_1_9' title='bbox 1348 375 1705 456; x_wconf 80' lang='lat' dir='ltr'><strong>praemium</strong></span> <span class='ocrx_word' id='word_1_10' title='bbox 1778 380 2052 443; x_wconf 79' lang='lat' dir='ltr'><strong>concedi</strong></span> <span class='ocrx_word' id='word_1_11' title='bbox 2119 382 2375 463; x_wconf 86' lang='lat' dir='ltr'><strong>soleat,</strong></span> 
     </span>
     <span class='ocr_line' id='line_1_4' title="bbox 208 461 1814 547; baseline -0.005 -18"><span class='ocrx_word' id='word_1_12' title='bbox 208 470 285 529; x_wconf 66' lang='grc' dir='ltr'><strong>ὃς</strong></span> <span class='ocrx_word' id='word_1_13' title='bbox 323 469 436 547; x_wconf 90' lang='grc'><strong>67.</strong></span> <span class='ocrx_word' id='word_1_14' title='bbox 481 464 805 544; x_wconf 80' lang='lat' dir='ltr'><strong>Discipuli</strong></span> <span class='ocrx_word' id='word_1_15' title='bbox 838 464 1119 523; x_wconf 78' lang='lat' dir='ltr'><strong>libenter</strong></span> <span class='ocrx_word' id='word_1_16' title='bbox 1143 470 1274 521; x_wconf 90' lang='lat' dir='ltr'><strong>sta·</strong></span> <span class='ocrx_word' id='word_1_17' title='bbox 1348 461 1513 523; x_wconf 84' lang='lat' dir='ltr'><strong>Luc.</strong></span> <span class='ocrx_word' id='word_1_18' title='bbox 1565 462 1663 521; x_wconf 86' lang='lat'><strong>16:</strong></span> <span class='ocrx_word' id='word_1_19' title='bbox 1716 478 1814 522; x_wconf 78' lang='lat'><strong>12.</strong></span> 
     </span>
    </p>
   </div>
   <div class='ocr_carea' id='block_1_4' title="bbox 204 545 2381 625">
    <p class='ocr_par' dir='ltr' id='par_1_4' title="bbox 204 545 2381 625">
     <span class='ocr_line' id='line_1_5' title="bbox 204 545 2381 625; baseline -0.005 -11"><span class='ocrx_word' id='word_1_20' title='bbox 204 574 300 614; x_wconf 84' lang='lat' dir='ltr'><strong>re</strong></span> <span class='ocrx_word' id='word_1_21' title='bbox 349 551 568 612; x_wconf 83' lang='lat' dir='ltr'><strong>solent</strong></span> <span class='ocrx_word' id='word_1_22' title='bbox 608 547 885 607; x_wconf 87' lang='lat' dir='ltr'><strong>arbitrio</strong></span> <span class='ocrx_word' id='word_1_23' title='bbox 933 548 1277 625; x_wconf 83' lang='lat' dir='ltr'><strong>Magistro-</strong></span> <span class='ocrx_word' id='word_1_24' title='bbox 1307 545 1760 625; x_wconf 86' lang='lat' dir='ltr'><strong>Dispersiones</strong></span> <span class='ocrx_word' id='word_1_25' title='bbox 1820 546 2201 613; x_wconf 76' lang='lat' dir='ltr'><strong>Iudaeorum</strong></span> <span class='ocrx_word' id='word_1_26' title='bbox 2258 572 2381 612; x_wconf 86' lang='lat' dir='ltr'><strong>no·-</strong></span> 
     </span>
    </p>
   </div>
   <div class='ocr_carea' id='block_1_5' title="bbox 205 657 426 709">
    <p class='ocr_par' dir='ltr' id='par_1_5' title="bbox 205 657 426 709">
     <span class='ocr_line' id='line_1_6' title="bbox 205 657 426 709; baseline -0.022 -11"><span class='ocrx_word' id='word_1_27' title='bbox 205 657 426 709; x_wconf 68' lang='lat' dir='ltr'><strong>rum,</strong></span> 
     </span>
    </p>
   </div>
   <div class='ocr_carea' id='block_1_6' title="bbox 476 629 2381 714">
    <p class='ocr_par' dir='ltr' id='par_1_6' title="bbox 476 629 2381 714">
     <span class='ocr_line' id='line_1_7' title="bbox 476 629 2381 714; baseline 0.002 -23"><span class='ocrx_word' id='word_1_28' title='bbox 476 635 637 696; x_wconf 87' lang='lat' dir='ltr'><strong>Luc.</strong></span> <span class='ocrx_word' id='word_1_29' title='bbox 685 652 779 692; x_wconf 79' lang='lat'><strong>12:</strong></span> <span class='ocrx_word' id='word_1_30' title='bbox 816 635 931 693; x_wconf 85' lang='grc'><strong>13.</strong></span> <span class='ocrx_word' id='word_1_31' title='bbox 997 632 1276 691; x_wconf 79' lang='lat' dir='ltr'><strong>Provec-</strong></span> <span class='ocrx_word' id='word_1_32' title='bbox 1348 630 1661 707; x_wconf 79' lang='lat' dir='ltr'><strong>biliores,</strong></span> <span class='ocrx_word' id='word_1_33' title='bbox 1699 629 1842 692; x_wconf 86' lang='lat' dir='ltr'><strong>Ioh.</strong></span> <span class='ocrx_word' id='word_1_34' title='bbox 1873 654 1933 714; x_wconf 89' lang='lat'><strong>7:</strong></span> <span class='ocrx_word' id='word_1_35' title='bbox 1974 640 2093 714; x_wconf 74' lang='lat'><strong>35,</strong></span> <span class='ocrx_word' id='word_1_36' title='bbox 2134 656 2160 697; x_wconf 87' lang='grc' dir='ltr'><strong>ι</strong></span> <span class='ocrx_word' id='word_1_37' title='bbox 2206 636 2381 701; x_wconf 82' lang='lat' dir='ltr'><strong>Petr.</strong></span> 
     </span>
    </p>
   </div>
   <div class='ocr_carea' id='block_1_7' title="bbox 210 715 1519 795">
    <p class='ocr_par' dir='ltr' id='par_1_7' title="bbox 210 715 1519 795">
     <span class='ocr_line' id='line_1_8' title="bbox 210 715 1519 795; baseline -0.007 -15"><span class='ocrx_word' id='word_1_38' title='bbox 210 722 443 780; x_wconf 81' lang='lat' dir='ltr'><strong>tiores</strong></span> <span class='ocrx_word' id='word_1_39' title='bbox 506 716 870 776; x_wconf 86' lang='lat' dir='ltr'><strong>iunioribus</strong></span> <span class='ocrx_word' id='word_1_40' title='bbox 938 715 1277 795; x_wconf 85' lang='lat' dir='ltr'><strong>praeficie-</strong></span> <span class='ocrx_word' id='word_1_41' title='bbox 1358 733 1408 773; x_wconf 90' lang='lat'><strong>1:</strong></span> <span class='ocrx_word' id='word_1_42' title='bbox 1457 733 1519 773; x_wconf 88' lang='lat'><strong>..1</strong></span> 
     </span>
    </p>
   </div>
   <div class='ocr_carea' id='block_1_8' title="bbox 217 805 523 877">
    <p class='ocr_par' dir='ltr' id='par_1_8' title="bbox 217 805 523 877">
     <span class='ocr_line' id='line_1_9' title="bbox 217 805 523 877; baseline -0.016 -13"><span class='ocrx_word' id='word_1_43' title='bbox 217 805 523 877; x_wconf 77' lang='lat' dir='ltr'><strong>bantur,</strong></span> 
     </span>
    </p>
   </div>
   <div class='ocr_carea' id='block_1_9' title="bbox 577 794 2377 879">
    <p class='ocr_par' dir='ltr' id='par_1_9' title="bbox 577 794 2377 879">
     <span class='ocr_line' id='line_1_10' title="bbox 577 794 2377 879; baseline 0.002 -18"><span class='ocrx_word' id='word_1_44' title='bbox 577 802 736 861; x_wconf 88' lang='lat' dir='ltr'><strong>Luc.</strong></span> <span class='ocrx_word' id='word_1_45' title='bbox 785 819 877 859; x_wconf 90' lang='lat'><strong>11:</strong></span> <span class='ocrx_word' id='word_1_46' title='bbox 928 803 1030 860; x_wconf 87' lang='grc'><strong>53.</strong></span> <span class='ocrx_word' id='word_1_47' title='bbox 1106 800 1274 871; x_wconf 90' lang='lat' dir='ltr'><strong>Qui·</strong></span> <span class='ocrx_word' id='word_1_48' title='bbox 1308 794 1702 878; x_wconf 82' lang='lat' dir='ltr'><strong>Disputandi</strong></span> <span class='ocrx_word' id='word_1_49' title='bbox 1732 800 2212 879; x_wconf 70' lang='lat' dir='ltr'>antiquissimae</span> <span class='ocrx_word' id='word_1_50' title='bbox 2241 824 2377 865; x_wconf 83' lang='lat' dir='ltr'><strong>mos</strong></span> 
     </span>
    </p>
   </div>
   <div class='ocr_carea' id='block_1_10' title="bbox 214 882 2384 2061">
    <p class='ocr_par' dir='ltr' id='par_1_10' title="bbox 224 882 2296 1051">
     <span class='ocr_line' id='line_1_11' title="bbox 226 882 2296 967; baseline 0 -20"><span class='ocrx_word' id='word_1_51' title='bbox 226 908 395 949; x_wconf 82' lang='lat' dir='ltr'><strong>nam</strong></span> <span class='ocrx_word' id='word_1_52' title='bbox 441 888 521 946; x_wconf 90' lang='lat' dir='ltr'><strong>de</strong></span> <span class='ocrx_word' id='word_1_53' title='bbox 560 884 949 945; x_wconf 68' lang='lat' dir='ltr'><strong>Ductoribus</strong></span> <span class='ocrx_word' id='word_1_54' title='bbox 985 884 1118 944; x_wconf 86' lang='lat' dir='ltr'><strong>suis</strong></span> <span class='ocrx_word' id='word_1_55' title='bbox 1144 903 1275 943; x_wconf 85' lang='lat' dir='ltr'><strong>ma·</strong></span> <span class='ocrx_word' id='word_1_56' title='bbox 1348 883 1474 945; x_wconf 82' lang='lat' dir='ltr'><strong>suit</strong></span> <span class='ocrx_word' id='word_1_57' title='bbox 1533 902 1648 962; x_wconf 87' lang='lat' dir='ltr'><strong>per</strong></span> <span class='ocrx_word' id='word_1_58' title='bbox 1702 882 2249 967; x_wconf 72' lang='lat' dir='ltr'><strong>interrogationes</strong></span> <span class='ocrx_word' id='word_1_59' title='bbox 2274 933 2296 964; x_wconf 88' lang='lat'><strong>,</strong></span> 
     </span>
     <span class='ocr_line' id='line_1_12' title="bbox 224 967 1810 1051; baseline -0.004 -20"><span class='ocrx_word' id='word_1_60' title='bbox 224 972 424 1032; x_wconf 80' lang='lat' dir='ltr'><strong>xime</strong></span> <span class='ocrx_word' id='word_1_61' title='bbox 468 970 968 1051; x_wconf 85' lang='lat' dir='ltr'><strong>gloriabantur,</strong></span> <span class='ocrx_word' id='word_1_62' title='bbox 1035 986 1059 1026; x_wconf 85' lang='lat'><strong>1</strong></span> <span class='ocrx_word' id='word_1_63' title='bbox 1106 968 1279 1027; x_wconf 86' lang='lat' dir='ltr'><strong>:.Cor</strong></span> <span class='ocrx_word' id='word_1_64' title='bbox 1351 968 1551 1027; x_wconf 88' lang='lat' dir='ltr'><strong>Marc.</strong></span> <span class='ocrx_word' id='word_1_65' title='bbox 1597 967 1657 1026; x_wconf 90' lang='lat'><strong>8:</strong></span> <span class='ocrx_word' id='word_1_66' title='bbox 1713 984 1810 1025; x_wconf 82' lang='lat'><strong>11.</strong></span> 
     </span>
    </p>

    <p class='ocr_par' dir='ltr' id='par_1_11' title="bbox 222 1049 2384 1378">
     <span class='ocr_line' id='line_1_13' title="bbox 222 1049 2384 1135; baseline 0 -19"><span class='ocrx_word' id='word_1_67' title='bbox 222 1061 299 1120; x_wconf 64' lang='grc' dir='ltr'><strong>ὃς</strong></span> <span class='ocrx_word' id='word_1_68' title='bbox 348 1074 465 1117; x_wconf 80' lang='grc'><strong>21.</strong></span> <span class='ocrx_word' id='word_1_69' title='bbox 542 1055 872 1115; x_wconf 83' lang='lat' dir='ltr'><strong>Sedebant</strong></span> <span class='ocrx_word' id='word_1_70' title='bbox 918 1052 1117 1130; x_wconf 82' lang='lat' dir='ltr'><strong>apud</strong></span> <span class='ocrx_word' id='word_1_71' title='bbox 1148 1051 1275 1110; x_wconf 85' lang='lat' dir='ltr'><strong>He·</strong></span> <span class='ocrx_word' id='word_1_72' title='bbox 1308 1049 1692 1111; x_wconf 81' lang='lat' dir='ltr'><strong>Disserendi</strong></span> <span class='ocrx_word' id='word_1_73' title='bbox 1750 1051 1938 1132; x_wconf 82' lang='lat' dir='ltr'><strong>copia</strong></span> <span class='ocrx_word' id='word_1_74' title='bbox 1993 1054 2193 1116; x_wconf 77' lang='lat' dir='ltr'><strong>fiebat</strong></span> <span class='ocrx_word' id='word_1_75' title='bbox 2237 1063 2384 1135; x_wconf 86' lang='lat' dir='ltr'><strong>post</strong></span> 
     </span>
     <span class='ocr_line' id='line_1_14' title="bbox 225 1135 2378 1217; baseline 0 -16"><span class='ocrx_word' id='word_1_76' title='bbox 225 1141 476 1201; x_wconf 82' lang='lat' dir='ltr'><strong>braeos</strong></span> <span class='ocrx_word' id='word_1_77' title='bbox 522 1140 605 1198; x_wconf 93' lang='lat' dir='ltr'><strong>ad</strong></span> <span class='ocrx_word' id='word_1_78' title='bbox 646 1138 837 1217; x_wconf 78' lang='lat' dir='ltr'><strong>pedes</strong></span> <span class='ocrx_word' id='word_1_79' title='bbox 884 1138 1274 1212; x_wconf 85' lang='lat' dir='ltr'><strong>Doctorum,</strong></span> <span class='ocrx_word' id='word_1_80' title='bbox 1350 1135 1710 1195; x_wconf 87' lang='lat' dir='ltr'><strong>absolutam</strong></span> <span class='ocrx_word' id='word_1_81' title='bbox 1748 1136 2023 1208; x_wconf 72' lang='lat' dir='ltr'><strong>diurnae</strong></span> <span class='ocrx_word' id='word_1_82' title='bbox 2063 1141 2378 1201; x_wconf 82' lang='lat' dir='ltr'><strong>sectionis</strong></span> 
     </span>
     <span class='ocr_line' id='line_1_15' title="bbox 228 1218 2383 1305; baseline 0 -20"><span class='ocrx_word' id='word_1_83' title='bbox 228 1224 374 1286; x_wconf 87' lang='lat' dir='ltr'><strong>Iac.</strong></span> <span class='ocrx_word' id='word_1_84' title='bbox 406 1244 461 1284; x_wconf 80' lang='lat'><strong>2:</strong></span> <span class='ocrx_word' id='word_1_85' title='bbox 502 1228 563 1284; x_wconf 89' lang='grc'><strong>3.</strong></span> <span class='ocrx_word' id='word_1_86' title='bbox 607 1221 1088 1301; x_wconf 85' lang='lat' dir='ltr'><strong>Discipulorum</strong></span> <span class='ocrx_word' id='word_1_87' title='bbox 1127 1241 1273 1279; x_wconf 91' lang='lat' dir='ltr'><strong>cau·</strong></span> <span class='ocrx_word' id='word_1_88' title='bbox 1349 1218 1739 1281; x_wconf 86' lang='lat' dir='ltr'><strong>lectionem</strong></span> <span class='ocrx_word' id='word_1_89' title='bbox 1719 1239 1791 1279; x_wconf 82' lang='grc' dir='ltr'><strong>ιιι</strong></span> <span class='ocrx_word' id='word_1_90' title='bbox 1817 1220 2193 1305; x_wconf 79' lang='lat' dir='ltr'><strong>synagoga,</strong></span> <span class='ocrx_word' id='word_1_91' title='bbox 2223 1224 2383 1286; x_wconf 83' lang='lat' dir='ltr'><strong>Luc.</strong></span> 
     </span>
     <span class='ocr_line' id='line_1_16' title="bbox 231 1305 1564 1378; baseline -0.006 -9"><span class='ocrx_word' id='word_1_92' title='bbox 231 1329 315 1369; x_wconf 79' lang='lat' dir='ltr'><strong>sa</strong></span> <span class='ocrx_word' id='word_1_93' title='bbox 356 1315 511 1367; x_wconf 86' lang='lat' dir='ltr'><strong>sunt</strong></span> <span class='ocrx_word' id='word_1_94' title='bbox 553 1310 910 1378; x_wconf 74' lang='lat' dir='ltr'><strong>Doctores,</strong></span> <span class='ocrx_word' id='word_1_95' title='bbox 966 1325 986 1362; x_wconf 94' lang='lat'><strong>1</strong></span> <span class='ocrx_word' id='word_1_96' title='bbox 1030 1305 1179 1364; x_wconf 88' lang='lat' dir='ltr'><strong>Cor.</strong></span> <span class='ocrx_word' id='word_1_97' title='bbox 1215 1308 1271 1366; x_wconf 82' lang='lat'><strong>3:</strong></span> <span class='ocrx_word' id='word_1_98' title='bbox 1348 1318 1407 1374; x_wconf 70' lang='grc' dir='ltr'><strong>(ιι</strong></span> <span class='ocrx_word' id='word_1_99' title='bbox 1469 1305 1564 1362; x_wconf 85' lang='grc' dir='ltr'><strong>ι6.</strong></span> 
     </span>
    </p>

    <p class='ocr_par' dir='ltr' id='par_1_12' title="bbox 234 1389 2381 1641">
     <span class='ocr_line' id='line_1_17' title="bbox 234 1389 2379 1472; baseline -0.002 -18"><span class='ocrx_word' id='word_1_100' title='bbox 234 1391 766 1472; x_wconf 73' lang='lat' dir='ltr'><strong>21.Dis=cipulis</strong></span> <span class='ocrx_word' id='word_1_101' title='bbox 806 1391 1073 1450; x_wconf 78' lang='lat' dir='ltr'><strong>evenire</strong></span> <span class='ocrx_word' id='word_1_102' title='bbox 1108 1390 1279 1469; x_wconf 84' lang='lat' dir='ltr'><strong>quod</strong></span> <span class='ocrx_word' id='word_1_103' title='bbox 1309 1389 1757 1464; x_wconf 86' lang='lat' dir='ltr'><strong>Dissimulare,</strong></span> <span class='ocrx_word' id='word_1_104' title='bbox 1786 1409 1889 1450; x_wconf 90' lang='lat' dir='ltr'><strong>res</strong></span> <span class='ocrx_word' id='word_1_105' title='bbox 1913 1410 2028 1471; x_wconf 87' lang='lat' dir='ltr'><strong>per</strong></span> <span class='ocrx_word' id='word_1_106' title='bbox 2050 1412 2119 1452; x_wconf 88' lang='lat' dir='ltr'><strong>se</strong></span> <span class='ocrx_word' id='word_1_107' title='bbox 2144 1393 2379 1469; x_wconf 88' lang='lat' dir='ltr'><strong>media,</strong></span> 
     </span>
     <span class='ocr_line' id='line_1_18' title="bbox 239 1473 2381 1556; baseline 0 -19"><span class='ocrx_word' id='word_1_108' title='bbox 239 1478 562 1556; x_wconf 76' lang='lat' dir='ltr'><strong>Magistro</strong></span> <span class='ocrx_word' id='word_1_109' title='bbox 627 1496 761 1536; x_wconf 89' lang='lat' dir='ltr'><strong>non</strong></span> <span class='ocrx_word' id='word_1_110' title='bbox 832 1483 955 1537; x_wconf 90' lang='lat' dir='ltr'><strong>est</strong></span> <span class='ocrx_word' id='word_1_111' title='bbox 993 1475 1273 1550; x_wconf 86' lang='lat' dir='ltr'><strong>mirum,</strong></span> <span class='ocrx_word' id='word_1_112' title='bbox 1348 1473 1603 1550; x_wconf 85' lang='lat' dir='ltr'><strong>quando</strong></span> <span class='ocrx_word' id='word_1_113' title='bbox 1671 1473 1839 1533; x_wconf 78' lang='lat' dir='ltr'><strong>vitio</strong></span> <span class='ocrx_word' id='word_1_114' title='bbox 1909 1497 2042 1535; x_wconf 86' lang='lat' dir='ltr'><strong>non</strong></span> <span class='ocrx_word' id='word_1_115' title='bbox 2111 1486 2381 1555; x_wconf 84' lang='lat' dir='ltr'><strong>careat,</strong></span> 
     </span>
     <span class='ocr_line' id='line_1_19' title="bbox 235 1558 1801 1641; baseline -0.003 -19"><span class='ocrx_word' id='word_1_116' title='bbox 235 1562 453 1641; x_wconf 79' lang='lat' dir='ltr'><strong>Apoc.</strong></span> <span class='ocrx_word' id='word_1_117' title='bbox 498 1580 589 1620; x_wconf 88' lang='lat'><strong>11:</strong></span> <span class='ocrx_word' id='word_1_118' title='bbox 619 1563 680 1618; x_wconf 90' lang='grc'><strong>8.</strong></span> <span class='ocrx_word' id='word_1_119' title='bbox 745 1558 1108 1636; x_wconf 70' lang='lat' dir='ltr'><strong>Discipulos</strong></span> <span class='ocrx_word' id='word_1_120' title='bbox 1145 1578 1273 1617; x_wconf 86' lang='lat' dir='ltr'><strong>ma·</strong></span> <span class='ocrx_word' id='word_1_121' title='bbox 1359 1558 1508 1616; x_wconf 82' lang='lat' dir='ltr'><strong>Luc.</strong></span> <span class='ocrx_word' id='word_1_122' title='bbox 1553 1571 1652 1627; x_wconf 79' lang='lat'><strong>24:</strong></span> <span class='ocrx_word' id='word_1_123' title='bbox 1701 1561 1801 1618; x_wconf 82' lang='lat'><strong>28.</strong></span> 
     </span>
    </p>

    <p class='ocr_par' dir='ltr' id='par_1_13' title="bbox 233 1640 2384 2061">
     <span class='ocr_line' id='line_1_20' title="bbox 237 1640 2384 1725; baseline 0.001 -23"><span class='ocrx_word' id='word_1_124' title='bbox 237 1646 451 1725; x_wconf 82' lang='lat' dir='ltr'><strong>gistro</strong></span> <span class='ocrx_word' id='word_1_125' title='bbox 498 1652 837 1723; x_wconf 70' lang='lat' dir='ltr'><strong>praesente</strong></span> <span class='ocrx_word' id='word_1_126' title='bbox 882 1643 1116 1721; x_wconf 78' lang='lat' dir='ltr'><strong>docere</strong></span> <span class='ocrx_word' id='word_1_127' title='bbox 1163 1664 1269 1722; x_wconf 89' lang='lat' dir='ltr'><strong>pu</strong></span> <span class='ocrx_word' id='word_1_128' title='bbox 1308 1642 1694 1701; x_wconf 82' lang='lat' dir='ltr'><strong>Diversoria</strong></span> <span class='ocrx_word' id='word_1_129' title='bbox 1736 1640 1957 1700; x_wconf 84' lang='lat' dir='ltr'><strong>multis</strong></span> <span class='ocrx_word' id='word_1_130' title='bbox 1992 1643 2059 1702; x_wconf 86' lang='lat' dir='ltr'><strong>in</strong></span> <span class='ocrx_word' id='word_1_131' title='bbox 2097 1645 2384 1724; x_wconf 82' lang='lat' dir='ltr'><strong>regioni-</strong></span> 
     </span>
     <span class='ocr_line' id='line_1_21' title="bbox 214 1727 2378 1811; baseline 0.001 -24.031"><span class='ocrx_word' id='word_1_132' title='bbox 214 1731 486 1811; x_wconf 83' lang='lat' dir='ltr'><strong>gnabat</strong></span> <span class='ocrx_word' id='word_1_133' title='bbox 564 1749 706 1788; x_wconf 88' lang='lat' dir='ltr'><strong>cum</strong></span> <span class='ocrx_word' id='word_1_134' title='bbox 775 1727 986 1787; x_wconf 67' lang='lat' dir='ltr'><strong>veteri</strong></span> <span class='ocrx_word' id='word_1_135' title='bbox 1052 1748 1274 1803; x_wconf 90' lang='lat' dir='ltr'><strong>more,</strong></span> <span class='ocrx_word' id='word_1_136' title='bbox 1349 1727 1465 1785; x_wconf 84' lang='lat' dir='ltr'><strong>bus</strong></span> <span class='ocrx_word' id='word_1_137' title='bbox 1502 1735 1689 1785; x_wconf 83' lang='lat' dir='ltr'><strong>extra</strong></span> <span class='ocrx_word' id='word_1_138' title='bbox 1716 1736 1933 1806; x_wconf 89' lang='lat' dir='ltr'><strong>portas</strong></span> <span class='ocrx_word' id='word_1_139' title='bbox 1966 1738 2145 1802; x_wconf 82' lang='lat' dir='ltr'><strong>s11ut3</strong></span> <span class='ocrx_word' id='word_1_140' title='bbox 2179 1749 2378 1809; x_wconf 83' lang='lat' dir='ltr'><strong>quare</strong></span> 
     </span>
     <span class='ocr_line' id='line_1_22' title="bbox 241 1810 2379 1890; baseline -0 -16"><span class='ocrx_word' id='word_1_141' title='bbox 241 1816 411 1876; x_wconf 86' lang='lat' dir='ltr'><strong>Luc.</strong></span> <span class='ocrx_word' id='word_1_142' title='bbox 454 1814 513 1872; x_wconf 90' lang='lat'><strong>8:</strong></span> <span class='ocrx_word' id='word_1_143' title='bbox 568 1832 646 1887; x_wconf 81' lang='lat'><strong>¹3</strong></span> <span class='ocrx_word' id='word_1_144' title='bbox 713 1813 946 1871; x_wconf 88' lang='lat' dir='ltr'><strong>multos</strong></span> <span class='ocrx_word' id='word_1_145' title='bbox 1008 1812 1138 1870; x_wconf 85' lang='lat' dir='ltr'><strong>sibi</strong></span> <span class='ocrx_word' id='word_1_146' title='bbox 1181 1820 1271 1870; x_wconf 88' lang='lat' dir='ltr'><strong>at·</strong></span> <span class='ocrx_word' id='word_1_147' title='bbox 1346 1810 1576 1889; x_wconf 78' lang='lat' dir='ltr'><strong>quovis</strong></span> <span class='ocrx_word' id='word_1_148' title='bbox 1619 1819 1907 1890; x_wconf 86' lang='lat' dir='ltr'><strong>tempore</strong></span> <span class='ocrx_word' id='word_1_149' title='bbox 1948 1812 2379 1874; x_wconf 69' lang='lat' dir='ltr'><strong>adventantes</strong></span> 
     </span>
     <span class='ocr_line' id='line_1_23' title="bbox 233 1895 2137 1976; baseline -0.002 -18"><span class='ocrx_word' id='word_1_150' title='bbox 233 1897 560 1972; x_wconf 84' lang='lat' dir='ltr'><strong>trahunt,</strong></span> <span class='ocrx_word' id='word_1_151' title='bbox 627 1895 732 1976; x_wconf 85' lang='lat' dir='ltr'><strong>qui</strong></span> <span class='ocrx_word' id='word_1_152' title='bbox 793 1896 1062 1957; x_wconf 76' lang='lat' dir='ltr'><strong>salutem</strong></span> <span class='ocrx_word' id='word_1_153' title='bbox 1129 1914 1277 1973; x_wconf 85' lang='lat' dir='ltr'><strong>pro-</strong></span> <span class='ocrx_word' id='word_1_154' title='bbox 1349 1896 1719 1972; x_wconf 79' lang='lat' dir='ltr'><strong>recipiant,</strong></span> <span class='ocrx_word' id='word_1_155' title='bbox 1769 1895 1925 1954; x_wconf 89' lang='lat' dir='ltr'><strong>Luc.</strong></span> <span class='ocrx_word' id='word_1_156' title='bbox 1969 1915 2028 1957; x_wconf 91' lang='grc'><strong>2·</strong></span> <span class='ocrx_word' id='word_1_157' title='bbox 2077 1917 2137 1975; x_wconf 90' lang='lat'><strong>7.</strong></span> 
     </span>
     <span class='ocr_line' id='line_1_24' title="bbox 241 1979 2383 2061; baseline -0.001 -17"><span class='ocrx_word' id='word_1_158' title='bbox 241 1987 516 2045; x_wconf 81' lang='lat' dir='ltr'><strong>mittunt</strong></span> <span class='ocrx_word' id='word_1_159' title='bbox 549 1981 773 2041; x_wconf 81' lang='lat' dir='ltr'><strong>vitam</strong></span> <span class='ocrx_word' id='word_1_160' title='bbox 783 2001 917 2040; x_wconf 83' lang='lat' dir='ltr'><strong>non</strong></span> <span class='ocrx_word' id='word_1_161' title='bbox 949 1979 1271 2061; x_wconf 86' lang='lat' dir='ltr'><strong>corrigeu·</strong></span> <span class='ocrx_word' id='word_1_162' title='bbox 1310 1979 1515 2036; x_wconf 79' lang='lat' dir='ltr'><strong>Dives</strong></span> <span class='ocrx_word' id='word_1_163' title='bbox 1562 1987 1660 2036; x_wconf 83' lang='lat' dir='ltr'><strong>est</strong></span> <span class='ocrx_word' id='word_1_164' title='bbox 1702 1979 1813 2056; x_wconf 89' lang='lat' dir='ltr'><strong>qui</strong></span> <span class='ocrx_word' id='word_1_165' title='bbox 1861 2000 1974 2038; x_wconf 86' lang='lat' dir='ltr'><strong>sua</strong></span> <span class='ocrx_word' id='word_1_166' title='bbox 2013 1990 2186 2041; x_wconf 79' lang='lat' dir='ltr'><strong>sorte</strong></span> <span class='ocrx_word' id='word_1_167' title='bbox 2228 2001 2383 2060; x_wconf 84' lang='lat' dir='ltr'><strong>gau-</strong></span> 
     </span>
    </p>
   </div>
   <div class='ocr_carea' id='block_1_11' title="bbox 240 2066 955 2139">
    <p class='ocr_par' dir='ltr' id='par_1_14' title="bbox 240 2066 955 2139">
     <span class='ocr_line' id='line_1_25' title="bbox 240 2066 955 2139; baseline -0.001 -13"><span class='ocrx_word' id='word_1_168' title='bbox 240 2068 460 2139; x_wconf 74' lang='lat' dir='ltr'><strong>tibus,</strong></span> <span class='ocrx_word' id='word_1_169' title='bbox 506 2066 741 2126; x_wconf 82' lang='lat' dir='ltr'><strong>2Petr.</strong></span> <span class='ocrx_word' id='word_1_170' title='bbox 788 2084 847 2125; x_wconf 72' lang='lat' dir='ltr'><strong>a:</strong></span> <span class='ocrx_word' id='word_1_171' title='bbox 894 2067 955 2125; x_wconf 90' lang='grc'><strong>3.</strong></span> 
     </span>
    </p>
   </div>
   <div class='ocr_carea' id='block_1_12' title="bbox 1352 2062 2384 2137">
    <p class='ocr_par' dir='ltr' id='par_1_15' title="bbox 1352 2062 2384 2137">
     <span class='ocr_line' id='line_1_26' title="bbox 1352 2062 2384 2137; baseline 0.003 -15"><span class='ocrx_word' id='word_1_172' title='bbox 1352 2064 1501 2137; x_wconf 82' lang='lat' dir='ltr'><strong>det,</strong></span> <span class='ocrx_word' id='word_1_173' title='bbox 1574 2080 1598 2119; x_wconf 89' lang='lat'><strong>1</strong></span> <span class='ocrx_word' id='word_1_174' title='bbox 1651 2062 1821 2120; x_wconf 86' lang='lat' dir='ltr'><strong>Tim.</strong></span> <span class='ocrx_word' id='word_1_175' title='bbox 1863 2062 1923 2122; x_wconf 90' lang='grc'><strong>6.</strong></span> <span class='ocrx_word' id='word_1_176' title='bbox 1972 2063 2033 2122; x_wconf 88' lang='grc'><strong>6.</strong></span> <span class='ocrx_word' id='word_1_177' title='bbox 2121 2067 2384 2125; x_wconf 80' lang='lat' dir='ltr'><strong>Divites</strong></span> 
     </span>
    </p>
   </div>
   <div class='ocr_carea' id='block_1_13' title="bbox 196 2145 2383 2226">
    <p class='ocr_par' dir='ltr' id='par_1_16' title="bbox 196 2145 2383 2226">
     <span class='ocr_line' id='line_1_27' title="bbox 196 2145 2383 2226; baseline -0.003 -12"><span class='ocrx_word' id='word_1_178' title='bbox 196 2150 530 2214; x_wconf 84' lang='lat' dir='ltr'><strong>Discretio</strong></span> <span class='ocrx_word' id='word_1_179' title='bbox 591 2149 923 2209; x_wconf 85' lang='lat' dir='ltr'><strong>hominum</strong></span> <span class='ocrx_word' id='word_1_180' title='bbox 970 2147 1275 2209; x_wconf 84' lang='lat' dir='ltr'><strong>salutaris</strong></span> <span class='ocrx_word' id='word_1_181' title='bbox 1353 2167 1468 2205; x_wconf 88' lang='lat' dir='ltr'><strong>cur</strong></span> <span class='ocrx_word' id='word_1_182' title='bbox 1531 2145 1647 2206; x_wconf 75' lang='lat' dir='ltr'><strong>vix</strong></span> <span class='ocrx_word' id='word_1_183' title='bbox 1703 2146 2022 2226; x_wconf 87' lang='lat' dir='ltr'><strong>recipiant</strong></span> <span class='ocrx_word' id='word_1_184' title='bbox 2067 2149 2383 2207; x_wconf 84' lang='lat' dir='ltr'><strong>salutaria</strong></span> 
     </span>
    </p>
   </div>
   <div class='ocr_carea' id='block_1_14' title="bbox 248 2233 1272 2316">
    <p class='ocr_par' dir='ltr' id='par_1_17' title="bbox 248 2233 1272 2316">
     <span class='ocr_line' id='line_1_28' title="bbox 248 2233 1272 2316; baseline -0.003 -22"><span class='ocrx_word' id='word_1_185' title='bbox 248 2257 421 2316; x_wconf 82' lang='lat' dir='ltr'><strong>per·</strong></span> <span class='ocrx_word' id='word_1_186' title='bbox 452 2233 845 2313; x_wconf 75' lang='lat' dir='ltr'><strong>Euangelii</strong></span> <span class='ocrx_word' id='word_1_187' title='bbox 875 2253 1272 2306; x_wconf 85' lang='lat' dir='ltr'><strong>sermonem,</strong></span> 
     </span>
    </p>
   </div>
   <div class='ocr_carea' id='block_1_15' title="bbox 1354 2231 2390 2310">
    <p class='ocr_par' dir='ltr' id='par_1_18' title="bbox 1354 2231 2390 2310">
     <span class='ocr_line' id='line_1_29' title="bbox 1354 2231 2390 2310; baseline 0.002 -19"><span class='ocrx_word' id='word_1_188' title='bbox 1354 2231 1684 2308; x_wconf 75' lang='lat' dir='ltr'><strong>dogmata,</strong></span> <span class='ocrx_word' id='word_1_189' title='bbox 1725 2231 1929 2291; x_wconf 79' lang='lat' dir='ltr'><strong>Marc.</strong></span> <span class='ocrx_word' id='word_1_190' title='bbox 1960 2251 2052 2291; x_wconf 88' lang='lat'><strong>10.</strong></span> <span class='ocrx_word' id='word_1_191' title='bbox 2081 2246 2188 2304; x_wconf 80' lang='lat'><strong>2.&#39;5;</strong></span> <span class='ocrx_word' id='word_1_192' title='bbox 2223 2246 2390 2310; x_wconf 62' lang='lat' dir='ltr'><strong>quo-i</strong></span> 
     </span>
    </p>
   </div>
   <div class='ocr_carea' id='block_1_16' title="bbox 250 2315 2378 2399">
    <p class='ocr_par' dir='ltr' id='par_1_19' title="bbox 250 2315 2378 2399">
     <span class='ocr_line' id='line_1_30' title="bbox 250 2315 2378 2399; baseline -0.002 -18"><span class='ocrx_word' id='word_1_193' title='bbox 250 2318 484 2383; x_wconf 70' lang='lat' dir='ltr'><strong>matth.</strong></span> <span class='ocrx_word' id='word_1_194' title='bbox 546 2333 645 2388; x_wconf 91' lang='grc'><strong>24.</strong></span> <span class='ocrx_word' id='word_1_195' title='bbox 720 2322 844 2395; x_wconf 86' lang='grc'><strong>28,</strong></span> <span class='ocrx_word' id='word_1_196' title='bbox 910 2332 1041 2393; x_wconf 73' lang='grc' dir='ltr'><strong>4ο,</strong></span> <span class='ocrx_word' id='word_1_197' title='bbox 1119 2316 1277 2377; x_wconf 79' lang='lat' dir='ltr'><strong>Luc.</strong></span> <span class='ocrx_word' id='word_1_198' title='bbox 1352 2315 1542 2375; x_wconf 88' lang='lat' dir='ltr'><strong>modo</strong></span> <span class='ocrx_word' id='word_1_199' title='bbox 1589 2338 1625 2379; x_wconf 81' lang='lat' dir='ltr'><strong>a</strong></span> <span class='ocrx_word' id='word_1_200' title='bbox 1662 2315 2036 2377; x_wconf 77' lang='lat' dir='ltr'><strong>divitiarum</strong></span> <span class='ocrx_word' id='word_1_201' title='bbox 2076 2318 2378 2399; x_wconf 83' lang='lat' dir='ltr'><strong>contagio</strong></span> 
     </span>
    </p>
   </div>
   <div class='ocr_carea' id='block_1_17' title="bbox 201 2408 1276 2923">
    <p class='ocr_par' dir='ltr' id='par_1_20' title="bbox 256 2408 507 2479">
     <span class='ocr_line' id='line_1_31' title="bbox 256 2408 507 2479; baseline 0 -15"><span class='ocrx_word' id='word_1_202' title='bbox 256 2425 279 2464; x_wconf 84' lang='lat'><strong>1</strong></span> <span class='ocrx_word' id='word_1_203' title='bbox 404 2408 507 2479; x_wconf 82' lang='grc'><strong>37.</strong></span> 
     </span>
    </p>

    <p class='ocr_par' dir='ltr' id='par_1_21' title="bbox 201 2426 1271 2803">
     <span class='ocr_line' id='line_1_32' title="bbox 201 2426 1271 2553; baseline -0.008 0"><span class='ocrx_word' id='word_1_204' title='bbox 201 2426 577 2553; x_wconf 49' lang='lat' dir='ltr'><strong>Digerimen</strong></span> <span class='ocrx_word' id='word_1_205' title='bbox 642 2484 861 2546; x_wconf 79' lang='lat' dir='ltr'><strong>ovium</strong></span> <span class='ocrx_word' id='word_1_206' title='bbox 925 2495 994 2545; x_wconf 86' lang='lat' dir='ltr'><strong>et</strong></span> <span class='ocrx_word' id='word_1_207' title='bbox 1036 2454 1271 2545; x_wconf 74' lang='lat' dir='ltr'><strong>¹hircu-</strong></span> 
     </span>
     <span class='ocr_line' id='line_1_33' title="bbox 245 2570 1273 2648; baseline -0.007 -13"><span class='ocrx_word' id='word_1_208' title='bbox 245 2595 429 2648; x_wconf 85' lang='lat' dir='ltr'><strong>rum,</strong></span> <span class='ocrx_word' id='word_1_209' title='bbox 478 2570 708 2633; x_wconf 86' lang='lat' dir='ltr'><strong>Matth.</strong></span> <span class='ocrx_word' id='word_1_210' title='bbox 754 2574 849 2631; x_wconf 77' lang='lat'><strong>25:</strong></span> <span class='ocrx_word' id='word_1_211' title='bbox 898 2574 999 2631; x_wconf 89' lang='grc'><strong>32.</strong></span> <span class='ocrx_word' id='word_1_212' title='bbox 1086 2572 1273 2630; x_wconf 78' lang='lat' dir='ltr'><strong>Tem-</strong></span> 
     </span>
     <span class='ocr_line' id='line_1_34' title="bbox 248 2654 1275 2754; baseline -0.004 -36"><span class='ocrx_word' id='word_1_213' title='bbox 248 2679 476 2739; x_wconf 83' lang='lat' dir='ltr'><strong>porum</strong></span> <span class='ocrx_word' id='word_1_214' title='bbox 544 2655 736 2735; x_wconf 77' lang='lat' dir='ltr'><strong>Legis</strong></span> <span class='ocrx_word' id='word_1_215' title='bbox 781 2663 845 2715; x_wconf 90' lang='lat' dir='ltr'><strong>et</strong></span> <span class='ocrx_word' id='word_1_216' title='bbox 891 2654 1275 2754; x_wconf 72' lang='lat' dir='ltr'><strong>Euangelii,</strong></span> 
     </span>
     <span class='ocr_line' id='line_1_35' title="bbox 251 2740 705 2803; baseline -0.009 -1"><span class='ocrx_word' id='word_1_217' title='bbox 251 2742 407 2803; x_wconf 84' lang='lat' dir='ltr'><strong>Luc.</strong></span> <span class='ocrx_word' id='word_1_218' title='bbox 460 2740 554 2800; x_wconf 87' lang='lat'><strong>16:</strong></span> <span class='ocrx_word' id='word_1_219' title='bbox 609 2740 705 2799; x_wconf 92' lang='grc' dir='ltr'><strong>ι6.</strong></span> 
     </span>
    </p>

    <p class='ocr_par' dir='ltr' id='par_1_22' title="bbox 206 2823 1276 2923">
     <span class='ocr_line' id='line_1_36' title="bbox 206 2823 1276 2923; baseline -0.008 -34"><span class='ocrx_word' id='word_1_220' title='bbox 206 2824 625 2923; x_wconf 74' lang='lat' dir='ltr'><strong>Dispensatio</strong></span> <span class='ocrx_word' id='word_1_221' title='bbox 668 2826 812 2884; x_wconf 83' lang='lat' dir='ltr'><strong>Deo</strong></span> <span class='ocrx_word' id='word_1_222' title='bbox 848 2833 916 2884; x_wconf 90' lang='lat' dir='ltr'><strong>et</strong></span> <span class='ocrx_word' id='word_1_223' title='bbox 957 2823 1276 2882; x_wconf 84' lang='lat' dir='ltr'><strong>ministris</strong></span> 
     </span>
    </p>
   </div>
   <div class='ocr_carea' id='block_1_18' title="bbox 251 2909 791 2981">
    <p class='ocr_par' dir='ltr' id='par_1_23' title="bbox 251 2909 791 2981">
     <span class='ocr_line' id='line_1_37' title="bbox 251 2909 791 2981; baseline -0.011 -10"><span class='ocrx_word' id='word_1_224' title='bbox 251 2913 380 2971; x_wconf 89' lang='lat' dir='ltr'><strong>eius</strong></span> <span class='ocrx_word' id='word_1_225' title='bbox 441 2909 751 2968; x_wconf 78' lang='lat' dir='ltr'><strong>tribuitur</strong></span> <span class='ocrx_word' id='word_1_226' title='bbox 772 2952 791 2981; x_wconf 91' lang='lat'><strong>,</strong></span> 
     </span>
    </p>
   </div>
   <div class='ocr_carea' id='block_1_19' title="bbox 246 2907 1278 3157">
    <p class='ocr_par' dir='ltr' id='par_1_24' title="bbox 246 2907 1278 3157">
     <span class='ocr_line' id='line_1_38' title="bbox 849 2907 1277 2988; baseline -0.007 -20"><span class='ocrx_word' id='word_1_227' title='bbox 849 2907 1018 2988; x_wconf 88' lang='lat' dir='ltr'><strong>Eph.</strong></span> <span class='ocrx_word' id='word_1_228' title='bbox 1073 2926 1125 2968; x_wconf 91' lang='lat'><strong>1:</strong></span> <span class='ocrx_word' id='word_1_229' title='bbox 1182 2925 1277 2966; x_wconf 89' lang='grc' dir='ltr'><strong>ιο.</strong></span> 
     </span>
     <span class='ocr_line' id='line_1_39' title="bbox 248 2992 1277 3075; baseline -0.008 -20"><span class='ocrx_word' id='word_1_230' title='bbox 248 2993 666 3075; x_wconf 83' lang='lat' dir='ltr'><strong>Dispensatio</strong></span> <span class='ocrx_word' id='word_1_231' title='bbox 713 2992 835 3052; x_wconf 91' lang='lat' dir='ltr'><strong>Dei</strong></span> <span class='ocrx_word' id='word_1_232' title='bbox 882 2993 1063 3051; x_wconf 90' lang='lat' dir='ltr'><strong>circa</strong></span> <span class='ocrx_word' id='word_1_233' title='bbox 1103 2992 1277 3048; x_wconf 77' lang='lat' dir='ltr'><strong>sa’lu·</strong></span> 
     </span>
     <span class='ocr_line' id='line_1_40' title="bbox 246 3075 1278 3157; baseline -0.009 -16"><span class='ocrx_word' id='word_1_234' title='bbox 246 3089 370 3141; x_wconf 82' lang='lat' dir='ltr'><strong>tem</strong></span> <span class='ocrx_word' id='word_1_235' title='bbox 396 3078 683 3156; x_wconf 66' lang='lat' dir='ltr'><strong>simplex</strong></span> <span class='ocrx_word' id='word_1_236' title='bbox 711 3085 812 3136; x_wconf 88' lang='lat' dir='ltr'><strong>est</strong></span> <span class='ocrx_word' id='word_1_237' title='bbox 837 3097 954 3157; x_wconf 87' lang='lat' dir='ltr'><strong>per</strong></span> <span class='ocrx_word' id='word_1_238' title='bbox 974 3075 1175 3135; x_wconf 82' lang='lat' dir='ltr'><strong>fidem</strong></span> <span class='ocrx_word' id='word_1_239' title='bbox 1206 3075 1278 3133; x_wconf 90' lang='lat' dir='ltr'><strong>in</strong></span> 
     </span>
    </p>
   </div>
   <div class='ocr_carea' id='block_1_20' title="bbox 1349 2400 2395 2649">
    <p class='ocr_par' dir='ltr' id='par_1_25' title="bbox 1349 2400 2395 2649">
     <span class='ocr_line' id='line_1_41' title="bbox 1349 2400 2384 2479; baseline 0.004 -21"><span class='ocrx_word' id='word_1_240' title='bbox 1349 2400 1662 2460; x_wconf 87' lang='lat' dir='ltr'><strong>immunes</strong></span> <span class='ocrx_word' id='word_1_241' title='bbox 1686 2401 1826 2458; x_wconf 86' lang='lat' dir='ltr'><strong>fieri</strong></span> <span class='ocrx_word' id='word_1_242' title='bbox 1852 2402 2125 2479; x_wconf 80' lang='lat' dir='ltr'><strong>possint,</strong></span> <span class='ocrx_word' id='word_1_243' title='bbox 2147 2401 2384 2462; x_wconf 76' lang='lat' dir='ltr'><strong>Matth.</strong></span> 
     </span>
     <span class='ocr_line' id='line_1_42' title="bbox 1360 2485 2380 2563; baseline 0.006 -21"><span class='ocrx_word' id='word_1_244' title='bbox 1360 2504 1450 2563; x_wconf 84' lang='grc'><strong>19.</strong></span> <span class='ocrx_word' id='word_1_245' title='bbox 1482 2485 1583 2544; x_wconf 90' lang='grc'><strong>26.</strong></span> <span class='ocrx_word' id='word_1_246' title='bbox 1636 2485 1935 2545; x_wconf 81' lang='lat' dir='ltr'><strong>Divitum</strong></span> <span class='ocrx_word' id='word_1_247' title='bbox 1970 2487 2168 2545; x_wconf 77' lang='lat' dir='ltr'><strong>multa</strong></span> <span class='ocrx_word' id='word_1_248' title='bbox 2205 2488 2380 2548; x_wconf 86' lang='lat' dir='ltr'><strong>iuter</strong></span> 
     </span>
     <span class='ocr_line' id='line_1_43' title="bbox 1351 2568 2395 2649; baseline 0.004 -22"><span class='ocrx_word' id='word_1_249' title='bbox 1351 2591 1418 2627; x_wconf 90' lang='lat' dir='ltr'><strong>se</strong></span> <span class='ocrx_word' id='word_1_250' title='bbox 1468 2569 1674 2628; x_wconf 73' lang='lat' dir='ltr'><strong>officia</strong></span> <span class='ocrx_word' id='word_1_251' title='bbox 1719 2568 2019 2640; x_wconf 81' lang='lat' dir='ltr'><strong>Christus</strong></span> <span class='ocrx_word' id='word_1_252' title='bbox 2058 2592 2192 2632; x_wconf 83' lang='lat' dir='ltr'><strong>nou</strong></span> <span class='ocrx_word' id='word_1_253' title='bbox 2234 2593 2395 2649; x_wconf 81' lang='lat' dir='ltr'><strong>pro-</strong></span> 
     </span>
    </p>
   </div>
   <div class='ocr_carea' id='block_1_21' title="bbox 1349 2653 2510 2726">
    <p class='ocr_par' dir='ltr' id='par_1_26' title="bbox 1349 2653 2510 2726">
     <span class='ocr_line' id='line_1_44' title="bbox 1349 2653 2510 2726; baseline 0.004 -15"><span class='ocrx_word' id='word_1_254' title='bbox 1349 2653 1574 2726; x_wconf 87' lang='lat' dir='ltr'><strong>hibet,</strong></span> <span class='ocrx_word' id='word_1_255' title='bbox 1648 2653 1808 2714; x_wconf 87' lang='lat' dir='ltr'><strong>Luc.</strong></span> <span class='ocrx_word' id='word_1_256' title='bbox 1875 2669 1969 2725; x_wconf 83' lang='lat' dir='ltr'><strong>1l5:</strong></span> <span class='ocrx_word' id='word_1_257' title='bbox 2045 2675 2141 2715; x_wconf 91' lang='grc'><strong>12.</strong></span> <span class='ocrx_word' id='word_1_258' title='bbox 2241 2657 2381 2716; x_wconf 83' lang='lat' dir='ltr'><strong>Mos</strong></span> <span class='ocrx_word' id='word_1_259' title='bbox 2489 2678 2510 2692; x_wconf 72' lang='lat'><strong><em>‘</em></strong></span> 
     </span>
    </p>
   </div>
   <div class='ocr_carea' id='block_1_22' title="bbox 1348 2739 2389 3140">
    <p class='ocr_par' dir='ltr' id='par_1_27' title="bbox 1348 2739 2389 3138">
     <span class='ocr_line' id='line_1_45' title="bbox 1350 2739 2384 2820; baseline 0.002 -22"><span class='ocrx_word' id='word_1_260' title='bbox 1350 2759 1569 2800; x_wconf 85' lang='lat' dir='ltr'><strong>eorum</strong></span> <span class='ocrx_word' id='word_1_261' title='bbox 1630 2748 1728 2800; x_wconf 83' lang='lat' dir='ltr'><strong>est</strong></span> <span class='ocrx_word' id='word_1_262' title='bbox 1791 2739 2135 2818; x_wconf 83' lang='lat' dir='ltr'><strong>imperiose</strong></span> <span class='ocrx_word' id='word_1_263' title='bbox 2197 2761 2384 2820; x_wconf 85' lang='lat' dir='ltr'><strong>agere</strong></span> 
     </span>
     <span class='ocr_line' id='line_1_46' title="bbox 1353 2824 2388 2903; baseline 0.004 -23"><span class='ocrx_word' id='word_1_264' title='bbox 1353 2824 1666 2883; x_wconf 81' lang='lat' dir='ltr'><strong>adversus</strong></span> <span class='ocrx_word' id='word_1_265' title='bbox 1703 2844 2051 2903; x_wconf 83' lang='lat' dir='ltr'><strong>pauperes,</strong></span> <span class='ocrx_word' id='word_1_266' title='bbox 2080 2824 2211 2886; x_wconf 86' lang='lat' dir='ltr'><strong>lac.</strong></span> <span class='ocrx_word' id='word_1_267' title='bbox 2238 2846 2296 2886; x_wconf 78' lang='lat'><strong>2:</strong></span> <span class='ocrx_word' id='word_1_268' title='bbox 2321 2824 2388 2884; x_wconf 87' lang='grc'><strong>6.</strong></span> 
     </span>
     <span class='ocr_line' id='line_1_47' title="bbox 1353 2906 2381 2987; baseline 0.003 -21"><span class='ocrx_word' id='word_1_269' title='bbox 1353 2906 1574 2966; x_wconf 87' lang='lat' dir='ltr'><strong>Status</strong></span> <span class='ocrx_word' id='word_1_270' title='bbox 1650 2928 1867 2970; x_wconf 82' lang='lat' dir='ltr'><strong>eorum</strong></span> <span class='ocrx_word' id='word_1_271' title='bbox 1936 2909 2332 2987; x_wconf 82' lang='lat' dir='ltr'><strong>periculosus</strong></span> <span class='ocrx_word' id='word_1_272' title='bbox 2359 2953 2381 2986; x_wconf 88' lang='lat'><strong>,</strong></span> 
     </span>
     <span class='ocr_line' id='line_1_48' title="bbox 1348 2991 2383 3053; baseline 0.003 -3"><span class='ocrx_word' id='word_1_273' title='bbox 1348 2991 1483 3050; x_wconf 87' lang='lat' dir='ltr'><strong>lac.</strong></span> <span class='ocrx_word' id='word_1_274' title='bbox 1542 2993 1602 3052; x_wconf 81' lang='lat'><strong>5:</strong></span> <span class='ocrx_word' id='word_1_275' title='bbox 1669 3010 1726 3049; x_wconf 89' lang='lat'><strong>1.</strong></span> <span class='ocrx_word' id='word_1_276' title='bbox 1813 2992 2146 3052; x_wconf 80' lang='lat' dir='ltr'><strong>Divitibus</strong></span> <span class='ocrx_word' id='word_1_277' title='bbox 2204 3014 2383 3053; x_wconf 85' lang='lat' dir='ltr'><strong>com-</strong></span> 
     </span>
     <span class='ocr_line' id='line_1_49' title="bbox 1350 3075 2389 3140; baseline 0.004 -7"><span class='ocrx_word' id='word_1_278' title='bbox 1350 3075 1691 3133; x_wconf 81' lang='lat' dir='ltr'><strong>mendatur</strong></span> <span class='ocrx_word' id='word_1_279' title='bbox 1711 3075 1991 3134; x_wconf 87' lang='lat' dir='ltr'><strong>studium</strong></span> <span class='ocrx_word' id='word_1_280' title='bbox 2012 3076 2212 3140; x_wconf 85' lang='lat' dir='ltr'><strong>animi</strong></span> <span class='ocrx_word' id='word_1_281' title='bbox 2231 3076 2389 3138; x_wconf 85' lang='lat' dir='ltr'><strong>sub·-</strong></span> 
     </span>
    </p>
   </div>
   <div class='ocr_carea' id='block_1_23' title="bbox 252 3158 2384 3327">
    <p class='ocr_par' dir='ltr' id='par_1_28' title="bbox 252 3158 2384 3327">
     <span class='ocr_line' id='line_1_50' title="bbox 252 3158 2006 3235; baseline -0.002 -14"><span class='ocrx_word' id='word_1_282' title='bbox 252 3163 620 3235; x_wconf 84' lang='lat' dir='ltr'><strong>Christum,</strong></span> <span class='ocrx_word' id='word_1_283' title='bbox 671 3180 695 3219; x_wconf 91' lang='lat'><strong>1</strong></span> <span class='ocrx_word' id='word_1_284' title='bbox 739 3160 908 3220; x_wconf 88' lang='lat' dir='ltr'><strong>Tim.</strong></span> <span class='ocrx_word' id='word_1_285' title='bbox 940 3180 991 3221; x_wconf 92' lang='lat'><strong>1:</strong></span> <span class='ocrx_word' id='word_1_286' title='bbox 1019 3173 1081 3232; x_wconf 93' lang='grc'><strong>4.</strong></span> <span class='ocrx_word' id='word_1_287' title='bbox 1104 3159 1278 3218; x_wconf 89' lang='lat' dir='ltr'><strong>Dis·</strong></span> <span class='ocrx_word' id='word_1_288' title='bbox 1351 3158 1573 3232; x_wconf 87' lang='lat' dir='ltr'><strong>missi,</strong></span> <span class='ocrx_word' id='word_1_289' title='bbox 1620 3158 1756 3217; x_wconf 87' lang='lat' dir='ltr'><strong>Iac.</strong></span> <span class='ocrx_word' id='word_1_290' title='bbox 1806 3176 1858 3218; x_wconf 89' lang='lat'><strong>1:</strong></span> <span class='ocrx_word' id='word_1_291' title='bbox 1910 3175 2006 3217; x_wconf 90' lang='grc' dir='ltr'><strong>ιο.</strong></span> 
     </span>
     <span class='ocr_line' id='line_1_51' title="bbox 252 3240 2384 3327; baseline -0.002 -21"><span class='ocrx_word' id='word_1_292' title='bbox 252 3245 646 3327; x_wconf 81' lang='lat' dir='ltr'><strong>pensationis</strong></span> <span class='ocrx_word' id='word_1_293' title='bbox 693 3243 815 3305; x_wconf 87' lang='lat' dir='ltr'><strong>Dei</strong></span> <span class='ocrx_word' id='word_1_294' title='bbox 859 3245 1277 3304; x_wconf 68' lang='lat' dir='ltr'><strong>admirandae</strong></span> <span class='ocrx_word' id='word_1_295' title='bbox 1309 3242 1605 3302; x_wconf 74' lang='lat' dir='ltr'><strong>Divitiae</strong></span> <span class='ocrx_word' id='word_1_296' title='bbox 1637 3242 1947 3304; x_wconf 82' lang='lat' dir='ltr'><strong>adversus</strong></span> <span class='ocrx_word' id='word_1_297' title='bbox 1979 3251 2264 3303; x_wconf 88' lang='lat' dir='ltr'><strong>mortem·</strong></span> <span class='ocrx_word' id='word_1_298' title='bbox 2277 3240 2384 3302; x_wconf 89' lang='lat' dir='ltr'><strong>ni·-</strong></span> 
     </span>
    </p>
   </div>
   <div class='ocr_carea' id='block_1_24' title="bbox 208 3327 1277 4503">
    <p class='ocr_par' dir='ltr' id='par_1_29' title="bbox 208 3327 1277 4503">
     <span class='ocr_line' id='line_1_52' title="bbox 253 3327 1277 3407; baseline -0.004 -16"><span class='ocrx_word' id='word_1_299' title='bbox 253 3331 618 3402; x_wconf 81' lang='lat' dir='ltr'><strong>enarratio,</strong></span> <span class='ocrx_word' id='word_1_300' title='bbox 655 3328 827 3407; x_wconf 83' lang='lat' dir='ltr'><strong>Eph.</strong></span> <span class='ocrx_word' id='word_1_301' title='bbox 846 3333 908 3391; x_wconf 79' lang='lat'><strong>3:</strong></span> <span class='ocrx_word' id='word_1_302' title='bbox 943 3347 1048 3403; x_wconf 90' lang='grc' dir='ltr'><strong>ιο,</strong></span> <span class='ocrx_word' id='word_1_303' title='bbox 1080 3327 1277 3389; x_wconf 85' lang='lat' dir='ltr'><strong>Hebr.</strong></span> 
     </span>
     <span class='ocr_line' id='line_1_53' title="bbox 256 3413 1276 3495; baseline -0.003 -20"><span class='ocrx_word' id='word_1_304' title='bbox 256 3436 313 3495; x_wconf 83' lang='lat'><strong>9:</strong></span> <span class='ocrx_word' id='word_1_305' title='bbox 339 3418 398 3477; x_wconf 90' lang='lat'><strong>8.</strong></span> <span class='ocrx_word' id='word_1_306' title='bbox 439 3413 969 3493; x_wconf 80' lang='lat' dir='ltr'><strong>Dispensationis</strong></span> <span class='ocrx_word' id='word_1_307' title='bbox 992 3413 1276 3472; x_wconf 76' lang='lat' dir='ltr'><strong>Divinae</strong></span> 
     </span>
     <span class='ocr_line' id='line_1_54' title="bbox 220 3495 1274 3580; baseline -0.004 -21"><span class='ocrx_word' id='word_1_308' title='bbox 220 3495 508 3559; x_wconf 74' lang='lat' dir='ltr'><strong>‘decreta</strong></span> <span class='ocrx_word' id='word_1_309' title='bbox 564 3498 780 3576; x_wconf 86' lang='lat' dir='ltr'><strong>quoad</strong></span> <span class='ocrx_word' id='word_1_310' title='bbox 841 3499 1274 3580; x_wconf 80' lang='lat' dir='ltr'><strong>cognitionem</strong></span> 
     </span>
     <span class='ocr_line' id='line_1_55' title="bbox 253 3582 1274 3664; baseline -0.002 -22"><span class='ocrx_word' id='word_1_311' title='bbox 253 3583 702 3664; x_wconf 75' lang='lat' dir='ltr'><strong>mysteriorum</strong></span> <span class='ocrx_word' id='word_1_312' title='bbox 726 3591 791 3641; x_wconf 86' lang='lat' dir='ltr'><strong>et</strong></span> <span class='ocrx_word' id='word_1_313' title='bbox 814 3583 1003 3642; x_wconf 85' lang='lat' dir='ltr'><strong>fidem</strong></span> <span class='ocrx_word' id='word_1_314' title='bbox 1025 3582 1241 3664; x_wconf 86' lang='lat' dir='ltr'><strong>qualia</strong></span> <span class='ocrx_word' id='word_1_315' title='bbox 1256 3626 1274 3656; x_wconf 90' lang='lat'>‚</span> 
     </span>
     <span class='ocr_line' id='line_1_56' title="bbox 253 3666 1273 3744; baseline -0.006 -14"><span class='ocrx_word' id='word_1_316' title='bbox 253 3666 478 3730; x_wconf 76' lang='lat' dir='ltr'><strong>Matth.</strong></span> <span class='ocrx_word' id='word_1_317' title='bbox 524 3685 623 3726; x_wconf 87' lang='lat'><strong>11:</strong></span> <span class='ocrx_word' id='word_1_318' title='bbox 659 3669 763 3727; x_wconf 90' lang='grc'><strong>25.</strong></span> <span class='ocrx_word' id='word_1_319' title='bbox 828 3667 1273 3744; x_wconf 85' lang='lat' dir='ltr'><strong>Dispensatio-</strong></span> 
     </span>
     <span class='ocr_line' id='line_1_57' title="bbox 249 3752 1276 3829; baseline -0.003 -16"><span class='ocrx_word' id='word_1_320' title='bbox 249 3765 358 3813; x_wconf 86' lang='lat' dir='ltr'><strong>nes‘</strong></span> <span class='ocrx_word' id='word_1_321' title='bbox 407 3771 553 3810; x_wconf 86' lang='lat' dir='ltr'><strong>suas</strong></span> <span class='ocrx_word' id='word_1_322' title='bbox 594 3752 915 3829; x_wconf 88' lang='lat' dir='ltr'><strong>quomodo</strong></span> <span class='ocrx_word' id='word_1_323' title='bbox 956 3752 1276 3812; x_wconf 87' lang='lat' dir='ltr'><strong>Dominus</strong></span> 
     </span>
     <span class='ocr_line' id='line_1_58' title="bbox 246 3842 949 3917; baseline -0.003 -20"><span class='ocrx_word' id='word_1_324' title='bbox 246 3857 495 3917; x_wconf 87' lang='lat' dir='ltr'><strong>semper</strong></span> <span class='ocrx_word' id='word_1_325' title='bbox 583 3842 949 3916; x_wconf 87' lang='lat' dir='ltr'><strong>temperat,</strong></span> 
     </span>
     <span class='ocr_line' id='line_1_59' title="bbox 254 3935 500 3999; baseline 0.005 -19"><span class='ocrx_word' id='word_1_326' title='bbox 254 3938 345 3981; x_wconf 68' lang='grc' dir='ltr'><strong>ιιι</strong></span> <span class='ocrx_word' id='word_1_327' title='bbox 398 3935 500 3999; x_wconf 87' lang='grc'><strong>27.</strong></span> 
     </span>
     <span class='ocr_line' id='line_1_60' title="bbox 208 4002 1275 4086; baseline -0.006 -20"><span class='ocrx_word' id='word_1_328' title='bbox 208 4005 628 4086; x_wconf 87' lang='lat' dir='ltr'><strong>Dispensator</strong></span> <span class='ocrx_word' id='word_1_329' title='bbox 687 4013 1111 4082; x_wconf 84' lang='lat' dir='ltr'><strong>procuratore</strong></span> <span class='ocrx_word' id='word_1_330' title='bbox 1157 4002 1275 4061; x_wconf 89' lang='lat' dir='ltr'><strong>mi-</strong></span> 
     </span>
     <span class='ocr_line' id='line_1_61' title="bbox 248 4085 1274 4167; baseline -0.003 -18"><span class='ocrx_word' id='word_1_331' title='bbox 248 4111 368 4149; x_wconf 90' lang='lat' dir='ltr'><strong>nor</strong></span> <span class='ocrx_word' id='word_1_332' title='bbox 406 4097 536 4163; x_wconf 88' lang='lat' dir='ltr'><strong>est,</strong></span> <span class='ocrx_word' id='word_1_333' title='bbox 583 4087 815 4148; x_wconf 80' lang='lat' dir='ltr'><strong>Matth.</strong></span> <span class='ocrx_word' id='word_1_334' title='bbox 840 4103 939 4158; x_wconf 93' lang='grc'><strong>24.</strong></span> <span class='ocrx_word' id='word_1_335' title='bbox 968 4101 1071 4167; x_wconf 88' lang='grc'><strong>47.</strong></span> <span class='ocrx_word' id='word_1_336' title='bbox 1118 4085 1274 4147; x_wconf 84' lang='lat' dir='ltr'><strong>Eius</strong></span> 
     </span>
     <span class='ocr_line' id='line_1_62' title="bbox 247 4172 1271 4252; baseline -0.003 -19"><span class='ocrx_word' id='word_1_337' title='bbox 247 4174 382 4234; x_wconf 85' lang='lat' dir='ltr'><strong>laus</strong></span> <span class='ocrx_word' id='word_1_338' title='bbox 417 4172 761 4252; x_wconf 86' lang='lat' dir='ltr'><strong>praecipua</strong></span> <span class='ocrx_word' id='word_1_339' title='bbox 800 4172 1059 4231; x_wconf 87' lang='lat' dir='ltr'><strong>fidelem</strong></span> <span class='ocrx_word' id='word_1_340' title='bbox 1100 4191 1271 4247; x_wconf 88' lang='lat' dir='ltr'><strong>esse,</strong></span> 
     </span>
     <span class='ocr_line' id='line_1_63' title="bbox 250 4254 1271 4329; baseline -0.004 -12"><span class='ocrx_word' id='word_1_341' title='bbox 250 4276 276 4317; x_wconf 91' lang='grc' dir='ltr'><strong>ι</strong></span> <span class='ocrx_word' id='word_1_342' title='bbox 324 4258 475 4316; x_wconf 84' lang='lat' dir='ltr'><strong>Cor.</strong></span> <span class='ocrx_word' id='word_1_343' title='bbox 513 4271 573 4327; x_wconf 66' lang='lat'><strong>15:</strong></span> <span class='ocrx_word' id='word_1_344' title='bbox 620 4276 680 4319; x_wconf 80' lang='grc'><strong>2.</strong></span> <span class='ocrx_word' id='word_1_345' title='bbox 747 4257 907 4319; x_wconf 86' lang='lat' dir='ltr'><strong>Eius</strong></span> <span class='ocrx_word' id='word_1_346' title='bbox 951 4254 1271 4329; x_wconf 84' lang='lat' dir='ltr'><strong>officium,</strong></span> 
     </span>
     <span class='ocr_line' id='line_1_64' title="bbox 247 4341 1271 4419; baseline -0.004 -19"><span class='ocrx_word' id='word_1_347' title='bbox 247 4341 471 4401; x_wconf 79' lang='lat' dir='ltr'><strong>Mauh.</strong></span> <span class='ocrx_word' id='word_1_348' title='bbox 519 4354 617 4410; x_wconf 72' lang='lat'><strong>24:</strong></span> <span class='ocrx_word' id='word_1_349' title='bbox 664 4344 770 4409; x_wconf 88' lang='grc'><strong>45.</strong></span> <span class='ocrx_word' id='word_1_350' title='bbox 848 4342 1271 4419; x_wconf 67' lang='lat' dir='ltr'><strong>Dispensato-</strong></span> 
     </span>
     <span class='ocr_line' id='line_1_65' title="bbox 250 4424 1266 4503; baseline -0.002 -21"><span class='ocrx_word' id='word_1_351' title='bbox 250 4424 415 4483; x_wconf 82' lang='lat' dir='ltr'><strong>ribus</strong></span> <span class='ocrx_word' id='word_1_352' title='bbox 438 4427 623 4503; x_wconf 78' lang='lat' dir='ltr'><strong>quale</strong></span> <span class='ocrx_word' id='word_1_353' title='bbox 653 4425 933 4487; x_wconf 81' lang='lat' dir='ltr'><strong>industr</strong></span> <span class='ocrx_word' id='word_1_354' title='bbox 915 4446 1014 4485; x_wconf 82' lang='lat' dir='ltr'><strong>1ae</strong></span> <span class='ocrx_word' id='word_1_355' title='bbox 1036 4435 1100 4487; x_wconf 80' lang='lat' dir='ltr'><strong>et</strong></span> <span class='ocrx_word' id='word_1_356' title='bbox 1119 4425 1266 4484; x_wconf 77' lang='lat' dir='ltr'><strong>fidei</strong></span> 
     </span>
    </p>
   </div>
   <div class='ocr_carea' id='block_1_25' title="bbox 1043 3834 1277 3897">
    <p class='ocr_par' dir='ltr' id='par_1_30' title="bbox 1043 3834 1277 3897">
     <span class='ocr_line' id='line_1_66' title="bbox 1043 3834 1277 3897; baseline -0.026 0"><span class='ocrx_word' id='word_1_357' title='bbox 1043 3834 1277 3897; x_wconf 84' lang='lat' dir='ltr'><strong>Matth.</strong></span> 
     </span>
    </p>
   </div>
   <div class='ocr_carea' id='block_1_26' title="bbox 1349 3326 2388 4583">
    <p class='ocr_par' dir='ltr' id='par_1_31' title="bbox 1349 3326 2388 4504">
     <span class='ocr_line' id='line_1_67' title="bbox 1350 3326 2383 3406; baseline 0.003 -20"><span class='ocrx_word' id='word_1_358' title='bbox 1350 3327 1451 3386; x_wconf 86' lang='lat' dir='ltr'><strong>hil</strong></span> <span class='ocrx_word' id='word_1_359' title='bbox 1505 3336 1817 3406; x_wconf 87' lang='lat' dir='ltr'><strong>possunt,</strong></span> <span class='ocrx_word' id='word_1_360' title='bbox 1887 3326 2047 3388; x_wconf 86' lang='lat' dir='ltr'><strong>Luc.</strong></span> <span class='ocrx_word' id='word_1_361' title='bbox 2110 3329 2204 3389; x_wconf 84' lang='lat'><strong>16:</strong></span> <span class='ocrx_word' id='word_1_362' title='bbox 2259 3347 2383 3405; x_wconf 77' lang='lat'><strong>223</strong></span> 
     </span>
     <span class='ocr_line' id='line_1_68' title="bbox 1351 3411 2380 3488; baseline 0.001 -18"><span class='ocrx_word' id='word_1_363' title='bbox 1351 3433 1437 3471; x_wconf 91' lang='lat' dir='ltr'><strong>an</strong></span> <span class='ocrx_word' id='word_1_364' title='bbox 1501 3412 1676 3472; x_wconf 83' lang='lat' dir='ltr'><strong>bona</strong></span> <span class='ocrx_word' id='word_1_365' title='bbox 1739 3411 1969 3472; x_wconf 88' lang='lat' dir='ltr'><strong>merito</strong></span> <span class='ocrx_word' id='word_1_366' title='bbox 2038 3411 2380 3488; x_wconf 85' lang='lat' dir='ltr'><strong>dicantur,</strong></span> 
     </span>
     <span class='ocr_line' id='line_1_69' title="bbox 1353 3495 2387 3577; baseline -0.001 -18"><span class='ocrx_word' id='word_1_367' title='bbox 1353 3498 1513 3559; x_wconf 89' lang='lat' dir='ltr'><strong>Luc.</strong></span> <span class='ocrx_word' id='word_1_368' title='bbox 1543 3516 1636 3558; x_wconf 82' lang='lat'><strong>12:</strong></span> <span class='ocrx_word' id='word_1_369' title='bbox 1673 3499 1770 3557; x_wconf 84' lang='lat'><strong>18.</strong></span> <span class='ocrx_word' id='word_1_370' title='bbox 1835 3495 2045 3557; x_wconf 69' lang='lat' dir='ltr'><strong>Duum</strong></span> <span class='ocrx_word' id='word_1_371' title='bbox 2088 3508 2240 3557; x_wconf 85' lang='lat' dir='ltr'><strong>sunt</strong></span> <span class='ocrx_word' id='word_1_372' title='bbox 2275 3518 2387 3577; x_wconf 82' lang='lat' dir='ltr'><strong>ge-</strong></span> 
     </span>
     <span class='ocr_line' id='line_1_70' title="bbox 1350 3580 2386 3660; baseline 0 -18"><span class='ocrx_word' id='word_1_373' title='bbox 1350 3603 1620 3657; x_wconf 86' lang='lat' dir='ltr'><strong>nerum,</strong></span> <span class='ocrx_word' id='word_1_374' title='bbox 1669 3601 1694 3641; x_wconf 90' lang='grc'><strong>1</strong></span> <span class='ocrx_word' id='word_1_375' title='bbox 1744 3580 1915 3642; x_wconf 90' lang='lat' dir='ltr'><strong>Tim.</strong></span> <span class='ocrx_word' id='word_1_376' title='bbox 1955 3582 2016 3642; x_wconf 89' lang='lat'><strong>6:</strong></span> <span class='ocrx_word' id='word_1_377' title='bbox 2068 3600 2166 3660; x_wconf 87' lang='lat'><strong>17.</strong></span> <span class='ocrx_word' id='word_1_378' title='bbox 2252 3582 2386 3642; x_wconf 84' lang='lat' dir='ltr'><strong>Im-</strong></span> 
     </span>
     <span class='ocr_line' id='line_1_71' title="bbox 1351 3667 2381 3747; baseline -0.001 -22"><span class='ocrx_word' id='word_1_379' title='bbox 1351 3667 1628 3747; x_wconf 88' lang='lat' dir='ltr'><strong>pediunt</strong></span> <span class='ocrx_word' id='word_1_380' title='bbox 1648 3686 1768 3725; x_wconf 89' lang='lat' dir='ltr'><strong>nos</strong></span> <span class='ocrx_word' id='word_1_381' title='bbox 1794 3668 1931 3726; x_wconf 87' lang='lat' dir='ltr'><strong>Deo</strong></span> <span class='ocrx_word' id='word_1_382' title='bbox 1950 3709 1970 3740; x_wconf 88' lang='lat'><em>‚</em></span> <span class='ocrx_word' id='word_1_383' title='bbox 1998 3674 2070 3723; x_wconf 89' lang='lat' dir='ltr'><strong>ut</strong></span> <span class='ocrx_word' id='word_1_384' title='bbox 2093 3672 2381 3744; x_wconf 82' lang='lat' dir='ltr'><strong>oportet,</strong></span> 
     </span>
     <span class='ocr_line' id='line_1_72' title="bbox 1352 3748 2388 3827; baseline -0.003 -17"><span class='ocrx_word' id='word_1_385' title='bbox 1352 3750 1644 3826; x_wconf 81' lang='lat' dir='ltr'><strong>servire,</strong></span> <span class='ocrx_word' id='word_1_386' title='bbox 1714 3768 1739 3808; x_wconf 88' lang='lat'><strong>1</strong></span> <span class='ocrx_word' id='word_1_387' title='bbox 1799 3751 1972 3812; x_wconf 87' lang='lat' dir='ltr'><strong>Tim.</strong></span> <span class='ocrx_word' id='word_1_388' title='bbox 2018 3749 2077 3808; x_wconf 90' lang='lat'><strong>6:</strong></span> <span class='ocrx_word' id='word_1_389' title='bbox 2126 3768 2188 3827; x_wconf 86' lang='lat'><strong>9.</strong></span> <span class='ocrx_word' id='word_1_390' title='bbox 2271 3748 2388 3809; x_wconf 82' lang='lat' dir='ltr'><strong>In·-</strong></span> 
     </span>
     <span class='ocr_line' id='line_1_73' title="bbox 1350 3834 2386 3914; baseline 0.001 -23"><span class='ocrx_word' id='word_1_391' title='bbox 1350 3834 1601 3893; x_wconf 82' lang='lat' dir='ltr'><strong>utiliter</strong></span> <span class='ocrx_word' id='word_1_392' title='bbox 1637 3854 1830 3911; x_wconf 84' lang='lat' dir='ltr'><strong>saepe</strong></span> <span class='ocrx_word' id='word_1_393' title='bbox 1869 3840 2143 3912; x_wconf 84' lang='lat' dir='ltr'><strong>pereunt</strong></span> <span class='ocrx_word' id='word_1_394' title='bbox 2178 3834 2386 3914; x_wconf 89' lang='lat' dir='ltr'><strong>possi·-</strong></span> 
     </span>
     <span class='ocr_line' id='line_1_74' title="bbox 1352 3918 2386 3989; baseline 0.001 -11"><span class='ocrx_word' id='word_1_395' title='bbox 1352 3919 1653 3978; x_wconf 85' lang='lat' dir='ltr'><strong>dentibus</strong></span> <span class='ocrx_word' id='word_1_396' title='bbox 1673 3961 1689 3989; x_wconf 93' lang='lat'>‚</span> <span class='ocrx_word' id='word_1_397' title='bbox 1717 3918 1851 3977; x_wconf 91' lang='lat' dir='ltr'><strong>Iac.</strong></span> <span class='ocrx_word' id='word_1_398' title='bbox 1874 3921 1936 3978; x_wconf 79' lang='lat'><strong>5:</strong></span> <span class='ocrx_word' id='word_1_399' title='bbox 1964 3927 2055 3975; x_wconf 82' lang='lat'><strong>2.&#39;</strong></span> <span class='ocrx_word' id='word_1_400' title='bbox 2092 3918 2386 3979; x_wconf 86' lang='lat' dir='ltr'><strong>Morien-</strong></span> 
     </span>
     <span class='ocr_line' id='line_1_75' title="bbox 1350 4000 2386 4085; baseline 0.003 -24"><span class='ocrx_word' id='word_1_401' title='bbox 1350 4012 1450 4062; x_wconf 85' lang='lat' dir='ltr'><strong>tes</strong></span> <span class='ocrx_word' id='word_1_402' title='bbox 1495 4002 1915 4080; x_wconf 83' lang='lat' dir='ltr'><strong>relinquunt,</strong></span> <span class='ocrx_word' id='word_1_403' title='bbox 1966 4000 2127 4060; x_wconf 91' lang='lat' dir='ltr'><strong>Luc.</strong></span> <span class='ocrx_word' id='word_1_404' title='bbox 2184 4004 2277 4064; x_wconf 86' lang='lat'><strong>16:</strong></span> <span class='ocrx_word' id='word_1_405' title='bbox 2321 4027 2386 4085; x_wconf 70' lang='grc' dir='ltr'><strong>ς).</strong></span> 
     </span>
     <span class='ocr_line' id='line_1_76' title="bbox 1350 4086 2388 4168; baseline 0.004 -23"><span class='ocrx_word' id='word_1_406' title='bbox 1350 4086 1627 4158; x_wconf 87' lang='lat' dir='ltr'><strong>Quando</strong></span> <span class='ocrx_word' id='word_1_407' title='bbox 1687 4087 1849 4145; x_wconf 83' lang='lat' dir='ltr'><strong>fiant</strong></span> <span class='ocrx_word' id='word_1_408' title='bbox 1907 4086 2143 4148; x_wconf 86' lang='lat' dir='ltr'><strong>bonum</strong></span> <span class='ocrx_word' id='word_1_409' title='bbox 2189 4090 2388 4168; x_wconf 85' lang='lat' dir='ltr'><strong>spiri-</strong></span> 
     </span>
     <span class='ocr_line' id='line_1_77' title="bbox 1350 4168 2380 4252; baseline 0.003 -21"><span class='ocrx_word' id='word_1_410' title='bbox 1350 4171 1561 4247; x_wconf 84' lang='lat' dir='ltr'><strong>tuale,</strong></span> <span class='ocrx_word' id='word_1_411' title='bbox 1592 4168 1775 4230; x_wconf 86' lang='lat' dir='ltr'><strong>Rom.</strong></span> <span class='ocrx_word' id='word_1_412' title='bbox 1807 4190 1898 4230; x_wconf 83' lang='lat'><strong>12:</strong></span> <span class='ocrx_word' id='word_1_413' title='bbox 1927 4173 1991 4231; x_wconf 90' lang='lat'><strong>8.</strong></span> <span class='ocrx_word' id='word_1_414' title='bbox 2051 4172 2380 4252; x_wconf 88' lang='lat' dir='ltr'><strong>Summae,</strong></span> 
     </span>
     <span class='ocr_line' id='line_1_78' title="bbox 1349 4255 2379 4340; baseline 0.003 -25"><span class='ocrx_word' id='word_1_415' title='bbox 1349 4256 1596 4316; x_wconf 76' lang='lat' dir='ltr'><strong>nullius</strong></span> <span class='ocrx_word' id='word_1_416' title='bbox 1655 4255 1754 4315; x_wconf 88' lang='lat' dir='ltr'><strong>rei</strong></span> <span class='ocrx_word' id='word_1_417' title='bbox 1802 4255 2000 4336; x_wconf 85' lang='lat' dir='ltr'><strong>plane</strong></span> <span class='ocrx_word' id='word_1_418' title='bbox 2042 4257 2379 4340; x_wconf 84' lang='lat' dir='ltr'><strong>indigere,</strong></span> 
     </span>
     <span class='ocr_line' id='line_1_79' title="bbox 1354 4340 2379 4422; baseline -0.004 -21"><span class='ocrx_word' id='word_1_419' title='bbox 1354 4342 1555 4419; x_wconf 75' lang='lat' dir='ltr'><strong>Apoc.</strong></span> <span class='ocrx_word' id='word_1_420' title='bbox 1613 4342 1670 4402; x_wconf 78' lang='lat'><strong>3:</strong></span> <span class='ocrx_word' id='word_1_421' title='bbox 1729 4357 1823 4415; x_wconf 83' lang='grc'><strong>17.</strong></span> <span class='ocrx_word' id='word_1_422' title='bbox 1910 4340 2197 4404; x_wconf 82' lang='lat' dir='ltr'><strong>Divitiae</strong></span> <span class='ocrx_word' id='word_1_423' title='bbox 2263 4364 2379 4422; x_wconf 83' lang='lat' dir='ltr'><strong>pro</strong></span> 
     </span>
     <span class='ocr_line' id='line_1_80' title="bbox 1349 4425 2372 4504; baseline 0 -20"><span class='ocrx_word' id='word_1_424' title='bbox 1349 4427 1527 4484; x_wconf 81' lang='lat' dir='ltr'><strong>omni</strong></span> <span class='ocrx_word' id='word_1_425' title='bbox 1592 4425 2035 4500; x_wconf 77' lang='lat' dir='ltr'><strong>abundantia,</strong></span> <span class='ocrx_word' id='word_1_426' title='bbox 2095 4428 2270 4485; x_wconf 81' lang='lat' dir='ltr'><strong>Rom.</strong></span> <span class='ocrx_word' id='word_1_427' title='bbox 2314 4447 2372 4504; x_wconf 75' lang='lat'><strong>9:</strong></span> 
     </span>
    </p>

    <p class='ocr_par' dir='ltr' id='par_1_32' title="bbox 2264 4514 2376 4583">
     <span class='ocr_line' id='line_1_81' title="bbox 2264 4514 2376 4583; baseline 0.018 -17"><span class='ocrx_word' id='word_1_428' title='bbox 2264 4514 2376 4583; x_wconf 74' lang='lat'><strong>23,</strong></span> 
     </span>
    </p>
   </div>
  </div>
 </body>
</html>
