<?xml version="1.0" encoding="UTF-8"?>
<!DOCTYPE html PUBLIC "-//W3C//DTD XHTML 1.0 Transitional//EN"
    "http://www.w3.org/TR/xhtml1/DTD/xhtml1-transitional.dtd">
<html xmlns="http://www.w3.org/1999/xhtml" xml:lang="en" lang="en">
 <head>
  <title>
</title>
<meta http-equiv="Content-Type" content="text/html;charset=utf-8" />
  <meta name='ocr-system' content='tesseract 3.04.00' />
  <meta name='ocr-capabilities' content='ocr_page ocr_carea ocr_par ocr_line ocrx_word'/>
</head>
<body>
  <div class='ocr_page' id='page_1' title='image "./annotationesinn00grotgoog_0177.png"; bbox 0 0 2779 5085; ppageno 0'>
   <div class='ocr_carea' id='block_1_1' title="bbox 750 252 2542 373">
    <p class='ocr_par' dir='ltr' id='par_1_1' title="bbox 750 252 2542 373">
     <span class='ocr_line' id='line_1_1' title="bbox 750 252 2542 373; baseline 0.013 -57"><span class='ocrx_word' id='word_1_1' title='bbox 750 255 1136 341; x_wconf 67' lang='lat' dir='ltr'><strong>Rnnun</strong></span> <span class='ocrx_word' id='word_1_2' title='bbox 1222 282 1323 322; x_wconf 65' lang='lat' dir='ltr'><strong>m</strong></span> <span class='ocrx_word' id='word_1_3' title='bbox 1410 262 2067 335; x_wconf 61' lang='lat' dir='ltr'><strong>vannorum.</strong></span> <span class='ocrx_word' id='word_1_4' title='bbox 2379 252 2542 373; x_wconf 28' lang='lat'><strong>163¹</strong></span> 
     </span>
    </p>
   </div>
   <div class='ocr_carea' id='block_1_2' title="bbox 229 413 2518 4618">
    <p class='ocr_par' dir='ltr' id='par_1_2' title="bbox 229 413 2518 4618">
     <span class='ocr_line' id='line_1_2' title="bbox 358 413 2503 511; baseline 0.01 -41"><span class='ocrx_word' id='word_1_5' title='bbox 358 413 455 475; x_wconf 84' lang='lat' dir='ltr'><strong>ris</strong></span> <span class='ocrx_word' id='word_1_6' title='bbox 498 433 647 495; x_wconf 84' lang='lat' dir='ltr'><strong>spes</strong></span> <span class='ocrx_word' id='word_1_7' title='bbox 685 414 815 475; x_wconf 82' lang='lat' dir='ltr'><strong>suit</strong></span> <span class='ocrx_word' id='word_1_8' title='bbox 842 415 1021 479; x_wconf 79' lang='lat' dir='ltr'><strong>facta</strong></span> <span class='ocrx_word' id='word_1_9' title='bbox 1055 420 1249 502; x_wconf 83' lang='lat' dir='ltr'><strong>regni</strong></span> <span class='ocrx_word' id='word_1_10' title='bbox 1285 444 1403 504; x_wconf 85' lang='lat' dir='ltr'><strong>pa-</strong></span> <span class='ocrx_word' id='word_1_11' title='bbox 1471 424 1864 487; x_wconf 85' lang='lat' dir='ltr'><strong>universalis</strong></span> <span class='ocrx_word' id='word_1_12' title='bbox 1886 472 1909 505; x_wconf 94' lang='lat'><strong>,</strong></span> <span class='ocrx_word' id='word_1_13' title='bbox 1970 431 2173 511; x_wconf 80' lang='lat' dir='ltr'><strong>Apoc.</strong></span> <span class='ocrx_word' id='word_1_14' title='bbox 2236 455 2335 502; x_wconf 80' lang='lat'><strong>20:</strong></span> <span class='ocrx_word' id='word_1_15' title='bbox 2405 447 2503 507; x_wconf 75' lang='lat'><strong>13,</strong></span> 
     </span>
     <span class='ocr_line' id='line_1_3' title="bbox 305 496 2501 607; baseline 0.013 -52"><span class='ocrx_word' id='word_1_16' title='bbox 305 496 308 503; x_wconf 76' lang='grc'><strong><em>’</em></strong></span> <span class='ocrx_word' id='word_1_17' title='bbox 362 500 484 556; x_wconf 86' lang='lat' dir='ltr'><strong>tris</strong></span> <span class='ocrx_word' id='word_1_18' title='bbox 534 499 631 556; x_wconf 87' lang='lat' dir='ltr'><strong>sni</strong></span> <span class='ocrx_word' id='word_1_19' title='bbox 658 546 677 576; x_wconf 89' lang='lat'><strong>,</strong></span> <span class='ocrx_word' id='word_1_20' title='bbox 729 499 888 559; x_wconf 81' lang='lat' dir='ltr'><strong>Luc.</strong></span> <span class='ocrx_word' id='word_1_21' title='bbox 933 505 991 563; x_wconf 89' lang='grc'><strong>33</strong></span> <span class='ocrx_word' id='word_1_22' title='bbox 1033 516 1135 575; x_wconf 99' lang='grc'><strong>24.</strong></span> <span class='ocrx_word' id='word_1_23' title='bbox 1474 506 1754 571; x_wconf 79' lang='lat' dir='ltr'><strong>Naturae</strong></span> <span class='ocrx_word' id='word_1_24' title='bbox 1788 510 2105 577; x_wconf 76' lang='lat' dir='ltr'><strong>humanae</strong></span> <span class='ocrx_word' id='word_1_25' title='bbox 2139 518 2242 580; x_wconf 86' lang='lat' dir='ltr'><strong>vis</strong></span> <span class='ocrx_word' id='word_1_26' title='bbox 2266 524 2501 607; x_wconf 77' lang='lat' dir='ltr'><strong>exigua</strong></span> 
     </span>
     <span class='ocr_line' id='line_1_4' title="bbox 318 579 2493 690; baseline 0.014 -49"><span class='ocrx_word' id='word_1_27' title='bbox 318 579 686 642; x_wconf 71' lang='lat' dir='ltr'><strong>Nathanael</strong></span> <span class='ocrx_word' id='word_1_28' title='bbox 712 585 1096 663; x_wconf 87' lang='lat' dir='ltr'><strong>quibusdam</strong></span> <span class='ocrx_word' id='word_1_29' title='bbox 1139 598 1397 670; x_wconf 89' lang='lat' dir='ltr'><strong>putatur</strong></span> <span class='ocrx_word' id='word_1_30' title='bbox 1472 594 1767 654; x_wconf 90' lang='lat' dir='ltr'><strong>consiliis</strong></span> <span class='ocrx_word' id='word_1_31' title='bbox 1813 606 1881 657; x_wconf 90' lang='lat' dir='ltr'><strong>et</strong></span> <span class='ocrx_word' id='word_1_32' title='bbox 1914 601 2157 662; x_wconf 88' lang='lat' dir='ltr'><strong>artibus</strong></span> <span class='ocrx_word' id='word_1_33' title='bbox 2192 606 2493 690; x_wconf 88' lang='lat' dir='ltr'><strong>iuvatur,</strong></span> 
     </span>
     <span class='ocr_line' id='line_1_5' title="bbox 355 669 2495 774; baseline 0.015 -50"><span class='ocrx_word' id='word_1_34' title='bbox 355 688 597 726; x_wconf 86' lang='lat' dir='ltr'><strong>nomen</strong></span> <span class='ocrx_word' id='word_1_35' title='bbox 647 669 995 747; x_wconf 84' lang='lat' dir='ltr'><strong>Apostoli,</strong></span> <span class='ocrx_word' id='word_1_36' title='bbox 1042 675 1149 752; x_wconf 90' lang='lat' dir='ltr'><strong>qui</strong></span> <span class='ocrx_word' id='word_1_37' title='bbox 1205 677 1396 737; x_wconf 89' lang='lat' dir='ltr'><strong>aliter</strong></span> <span class='ocrx_word' id='word_1_38' title='bbox 1468 677 1600 736; x_wconf 87' lang='lat' dir='ltr'><strong>Iac.</strong></span> <span class='ocrx_word' id='word_1_39' title='bbox 1668 683 1726 739; x_wconf 90' lang='grc'><strong>33</strong></span> <span class='ocrx_word' id='word_1_40' title='bbox 1798 701 1859 762; x_wconf 93' lang='grc'><strong>7.</strong></span> <span class='ocrx_word' id='word_1_41' title='bbox 1986 684 2069 743; x_wconf 83' lang='grc' dir='ltr'><strong>Εἰ</strong></span> <span class='ocrx_word' id='word_1_42' title='bbox 2149 704 2495 774; x_wconf 81' lang='lat' dir='ltr'><strong>praecepta</strong></span> 
     </span>
     <span class='ocr_line' id='line_1_6' title="bbox 360 750 2490 855; baseline 0.013 -44"><span class='ocrx_word' id='word_1_43' title='bbox 360 750 900 812; x_wconf 75' lang='lat' dir='ltr'><strong>Bartholomaeus</strong></span> <span class='ocrx_word' id='word_1_44' title='bbox 939 755 1182 833; x_wconf 82' lang='lat' dir='ltr'><strong>dictus,</strong></span> <span class='ocrx_word' id='word_1_45' title='bbox 1234 759 1392 821; x_wconf 88' lang='lat' dir='ltr'><strong>Luc.</strong></span> <span class='ocrx_word' id='word_1_46' title='bbox 1468 761 1713 820; x_wconf 75' lang='lat' dir='ltr'><strong>Christi</strong></span> <span class='ocrx_word' id='word_1_47' title='bbox 1781 766 1976 827; x_wconf 87' lang='lat' dir='ltr'><strong>valde</strong></span> <span class='ocrx_word' id='word_1_48' title='bbox 2005 784 2008 789; x_wconf 85' lang='grc'><strong><em>·</em></strong></span> <span class='ocrx_word' id='word_1_49' title='bbox 2042 776 2490 855; x_wconf 88' lang='lat' dir='ltr'><strong>conveniunt,</strong></span> 
     </span>
     <span class='ocr_line' id='line_1_7' title="bbox 356 837 2494 940; baseline 0.013 -44"><span class='ocrx_word' id='word_1_50' title='bbox 356 849 456 905; x_wconf 81' lang='grc'><strong>243</strong></span> <span class='ocrx_word' id='word_1_51' title='bbox 515 840 612 897; x_wconf 88' lang='grc'><strong>13.</strong></span> <span class='ocrx_word' id='word_1_52' title='bbox 660 837 970 899; x_wconf 88' lang='lat' dir='ltr'><strong>Eruditus</strong></span> <span class='ocrx_word' id='word_1_53' title='bbox 1005 840 1208 903; x_wconf 83' lang='lat' dir='ltr'><strong>fuisse</strong></span> <span class='ocrx_word' id='word_1_54' title='bbox 1251 865 1388 907; x_wconf 86' lang='lat' dir='ltr'><strong>cre·</strong></span> <span class='ocrx_word' id='word_1_55' title='bbox 1466 845 1696 906; x_wconf 83' lang='lat' dir='ltr'><strong>Matth.</strong></span> <span class='ocrx_word' id='word_1_56' title='bbox 1740 853 1962 911; x_wconf 82' lang='lat'>11:30.</span> <span class='ocrx_word' id='word_1_57' title='bbox 2022 851 2306 918; x_wconf 76' lang='lat' dir='ltr'><strong>Naturae</strong></span> <span class='ocrx_word' id='word_1_58' title='bbox 2329 882 2494 940; x_wconf 88' lang='lat' dir='ltr'><strong>quo-</strong></span> 
     </span>
     <span class='ocr_line' id='line_1_8' title="bbox 229 919 2488 1009; baseline 0.015 -33"><span class='ocrx_word' id='word_1_59' title='bbox 229 926 239 931; x_wconf 71' lang='grc'><em>·</em></span> <span class='ocrx_word' id='word_1_60' title='bbox 358 919 575 994; x_wconf 86' lang='lat' dir='ltr'><strong>ditur,</strong></span> <span class='ocrx_word' id='word_1_61' title='bbox 624 920 766 981; x_wconf 89' lang='lat' dir='ltr'><strong>Ioh.</strong></span> <span class='ocrx_word' id='word_1_62' title='bbox 816 941 867 982; x_wconf 88' lang='lat'><strong>1:</strong></span> <span class='ocrx_word' id='word_1_63' title='bbox 914 928 1019 994; x_wconf 83' lang='grc'><strong>45.</strong></span> <span class='ocrx_word' id='word_1_64' title='bbox 1461 931 1649 989; x_wconf 85' lang='lat' dir='ltr'><strong>modo</strong></span> <span class='ocrx_word' id='word_1_65' title='bbox 1719 931 1856 993; x_wconf 81' lang='lat' dir='ltr'><strong>Lex</strong></span> <span class='ocrx_word' id='word_1_66' title='bbox 1927 936 2052 995; x_wconf 91' lang='lat' dir='ltr'><strong>Dei</strong></span> <span class='ocrx_word' id='word_1_67' title='bbox 2117 947 2488 1009; x_wconf 76' lang='lat' dir='ltr'><strong>consentire</strong></span> 
     </span>
     <span class='ocr_line' id='line_1_9' title="bbox 314 1002 2490 1096; baseline 0.008 -34"><span class='ocrx_word' id='word_1_68' title='bbox 314 1002 644 1065; x_wconf 85' lang='lat' dir='ltr'><strong>Nativitas</strong></span> <span class='ocrx_word' id='word_1_69' title='bbox 694 1027 812 1085; x_wconf 84' lang='lat' dir='ltr'><strong>pro</strong></span> <span class='ocrx_word' id='word_1_70' title='bbox 854 1027 931 1066; x_wconf 89' lang='lat' dir='ltr'><strong>eo</strong></span> <span class='ocrx_word' id='word_1_71' title='bbox 976 1010 1147 1088; x_wconf 87' lang='lat' dir='ltr'><strong>quod</strong></span> <span class='ocrx_word' id='word_1_72' title='bbox 1198 1022 1384 1071; x_wconf 86' lang='lat' dir='ltr'><strong>natu·</strong></span> <span class='ocrx_word' id='word_1_73' title='bbox 1461 1014 1758 1091; x_wconf 84' lang='lat' dir='ltr'><strong>dicatur,</strong></span> <span class='ocrx_word' id='word_1_74' title='bbox 1808 1018 2039 1078; x_wconf 85' lang='lat' dir='ltr'><strong>Matth.</strong></span> <span class='ocrx_word' id='word_1_75' title='bbox 2081 1024 2143 1083; x_wconf 89' lang='grc'><strong>53</strong></span> <span class='ocrx_word' id='word_1_76' title='bbox 2183 1039 2290 1096; x_wconf 87' lang='grc'><strong>40.</strong></span> <span class='ocrx_word' id='word_1_77' title='bbox 2356 1028 2490 1090; x_wconf 89' lang='lat' dir='ltr'><strong>Na..</strong></span> 
     </span>
     <span class='ocr_line' id='line_1_10' title="bbox 355 1089 2484 1182; baseline 0.013 -38"><span class='ocrx_word' id='word_1_78' title='bbox 355 1089 497 1146; x_wconf 90' lang='lat' dir='ltr'><strong>rale</strong></span> <span class='ocrx_word' id='word_1_79' title='bbox 549 1089 741 1148; x_wconf 89' lang='lat' dir='ltr'><strong>alicui</strong></span> <span class='ocrx_word' id='word_1_80' title='bbox 788 1101 929 1167; x_wconf 79' lang='lat' dir='ltr'><strong>est,</strong></span> <span class='ocrx_word' id='word_1_81' title='bbox 1003 1096 1133 1154; x_wconf 81' lang='lat' dir='ltr'><strong>lac.</strong></span> <span class='ocrx_word' id='word_1_82' title='bbox 1184 1113 1234 1156; x_wconf 85' lang='grc'><strong>13</strong></span> <span class='ocrx_word' id='word_1_83' title='bbox 1285 1102 1384 1160; x_wconf 88' lang='grc'><strong>23.</strong></span> <span class='ocrx_word' id='word_1_84' title='bbox 1457 1105 1668 1158; x_wconf 89' lang='lat' dir='ltr'><strong>turam</strong></span> <span class='ocrx_word' id='word_1_85' title='bbox 1740 1122 1875 1160; x_wconf 90' lang='lat' dir='ltr'><strong>non</strong></span> <span class='ocrx_word' id='word_1_86' title='bbox 1952 1125 2133 1182; x_wconf 87' lang='lat' dir='ltr'><strong>posse</strong></span> <span class='ocrx_word' id='word_1_87' title='bbox 2202 1110 2281 1169; x_wconf 85' lang='lat' dir='ltr'><strong>ab</strong></span> <span class='ocrx_word' id='word_1_88' title='bbox 2314 1115 2484 1174; x_wconf 89' lang='lat' dir='ltr'><strong>-nlla</strong></span> 
     </span>
     <span class='ocr_line' id='line_1_11' title="bbox 354 1169 2483 1264; baseline 0.014 -34"><span class='ocrx_word' id='word_1_89' title='bbox 354 1169 682 1232; x_wconf 86' lang='lat' dir='ltr'><strong>Nativitas</strong></span> <span class='ocrx_word' id='word_1_90' title='bbox 730 1177 1033 1236; x_wconf 78' lang='lat' dir='ltr'><strong>salutaris</strong></span> <span class='ocrx_word' id='word_1_91' title='bbox 1098 1200 1229 1239; x_wconf 88' lang='lat' dir='ltr'><strong>non</strong></span> <span class='ocrx_word' id='word_1_92' title='bbox 1278 1202 1381 1241; x_wconf 85' lang='lat' dir='ltr'><strong>ac·</strong></span> <span class='ocrx_word' id='word_1_93' title='bbox 1456 1193 1593 1242; x_wconf 85' lang='lat' dir='ltr'><strong>arte</strong></span> <span class='ocrx_word' id='word_1_94' title='bbox 1638 1187 1960 1264; x_wconf 87' lang='lat' dir='ltr'><strong>superari,</strong></span> <span class='ocrx_word' id='word_1_95' title='bbox 2009 1188 2237 1250; x_wconf 86' lang='lat' dir='ltr'><strong>Matth.</strong></span> <span class='ocrx_word' id='word_1_96' title='bbox 2282 1194 2341 1255; x_wconf 83' lang='lat'><strong>6:</strong></span> <span class='ocrx_word' id='word_1_97' title='bbox 2381 1202 2483 1259; x_wconf 90' lang='grc'><strong>28.</strong></span> 
     </span>
     <span class='ocr_line' id='line_1_12' title="bbox 349 1257 2485 1341; baseline 0.013 -27"><span class='ocrx_word' id='word_1_98' title='bbox 349 1266 537 1335; x_wconf 87' lang='lat' dir='ltr'><strong>cepta</strong></span> <span class='ocrx_word' id='word_1_99' title='bbox 606 1257 720 1318; x_wconf 82' lang='lat' dir='ltr'><strong>sed</strong></span> <span class='ocrx_word' id='word_1_100' title='bbox 791 1262 1114 1321; x_wconf 81' lang='lat' dir='ltr'><strong>custodita</strong></span> <span class='ocrx_word' id='word_1_101' title='bbox 1159 1266 1379 1325; x_wconf 81' lang='lat' dir='ltr'><strong>vivili-</strong></span> <span class='ocrx_word' id='word_1_102' title='bbox 1455 1265 1759 1326; x_wconf 79' lang='lat' dir='ltr'><strong>Naturam</strong></span> <span class='ocrx_word' id='word_1_103' title='bbox 1812 1270 1980 1329; x_wconf 87' lang='lat' dir='ltr'><strong>hanc</strong></span> <span class='ocrx_word' id='word_1_104' title='bbox 2020 1281 2217 1332; x_wconf 88' lang='lat' dir='ltr'><strong>totam</strong></span> <span class='ocrx_word' id='word_1_105' title='bbox 2271 1277 2485 1341; x_wconf 90' lang='lat' dir='ltr'><strong>homi-</strong></span> 
     </span>
     <span class='ocr_line' id='line_1_13' title="bbox 349 1339 2480 1426; baseline 0.012 -28"><span class='ocrx_word' id='word_1_106' title='bbox 349 1349 486 1413; x_wconf 86' lang='lat' dir='ltr'><strong>cat,</strong></span> <span class='ocrx_word' id='word_1_107' title='bbox 527 1339 686 1400; x_wconf 84' lang='lat' dir='ltr'><strong>Luc.</strong></span> <span class='ocrx_word' id='word_1_108' title='bbox 717 1345 812 1403; x_wconf 90' lang='grc'><strong>183</strong></span> <span class='ocrx_word' id='word_1_109' title='bbox 842 1347 913 1417; x_wconf 89' lang='lat'><strong>8,</strong></span> <span class='ocrx_word' id='word_1_110' title='bbox 964 1346 1229 1410; x_wconf 83' lang='lat' dir='ltr'><strong>Rom.8:</strong></span> <span class='ocrx_word' id='word_1_111' title='bbox 1266 1369 1330 1426; x_wconf 89' lang='lat'><strong>¹7</strong></span> <span class='ocrx_word' id='word_1_112' title='bbox 1358 1395 1377 1425; x_wconf 92' lang='lat'><strong>,</strong></span> <span class='ocrx_word' id='word_1_113' title='bbox 1454 1372 1601 1410; x_wconf 88' lang='lat' dir='ltr'><strong>num</strong></span> <span class='ocrx_word' id='word_1_114' title='bbox 1672 1373 1865 1412; x_wconf 89' lang='lat' dir='ltr'><strong>causa</strong></span> <span class='ocrx_word' id='word_1_115' title='bbox 1931 1376 2070 1416; x_wconf 88' lang='lat' dir='ltr'><strong>esse</strong></span> <span class='ocrx_word' id='word_1_116' title='bbox 2152 1363 2480 1425; x_wconf 73' lang='lat' dir='ltr'><strong>conditam</strong></span> 
     </span>
     <span class='ocr_line' id='line_1_14' title="bbox 350 1422 2481 1508; baseline 0.012 -25"><span class='ocrx_word' id='word_1_117' title='bbox 350 1422 552 1484; x_wconf 86' lang='lat' dir='ltr'><strong>Hebr.</strong></span> <span class='ocrx_word' id='word_1_118' title='bbox 588 1429 645 1488; x_wconf 83' lang='lat'><strong>3:</strong></span> <span class='ocrx_word' id='word_1_119' title='bbox 691 1427 753 1486; x_wconf 91' lang='grc'><strong>6.</strong></span> <span class='ocrx_word' id='word_1_120' title='bbox 842 1426 1222 1491; x_wconf 87' lang='lat' dir='ltr'><strong>Nativitatis</strong></span> <span class='ocrx_word' id='word_1_121' title='bbox 1262 1454 1376 1492; x_wconf 87' lang='lat' dir='ltr'><strong>no·</strong></span> <span class='ocrx_word' id='word_1_122' title='bbox 1453 1436 1689 1495; x_wconf 84' lang='lat' dir='ltr'><strong>docent</strong></span> <span class='ocrx_word' id='word_1_123' title='bbox 1755 1439 1962 1498; x_wconf 83' lang='lat' dir='ltr'><strong>Moses</strong></span> <span class='ocrx_word' id='word_1_124' title='bbox 2050 1449 2117 1500; x_wconf 90' lang='lat' dir='ltr'><strong>et</strong></span> <span class='ocrx_word' id='word_1_125' title='bbox 2180 1443 2481 1508; x_wconf 87' lang='lat' dir='ltr'><strong>Philoso-</strong></span> 
     </span>
     <span class='ocr_line' id='line_1_15' title="bbox 346 1516 2478 1614; baseline 0.013 -47"><span class='ocrx_word' id='word_1_126' title='bbox 346 1529 467 1568; x_wconf 87' lang='lat' dir='ltr'><strong>vae</strong></span> <span class='ocrx_word' id='word_1_127' title='bbox 522 1531 669 1589; x_wconf 88' lang='lat' dir='ltr'><strong>pars</strong></span> <span class='ocrx_word' id='word_1_128' title='bbox 732 1520 833 1571; x_wconf 81' lang='lat' dir='ltr'><strong>est</strong></span> <span class='ocrx_word' id='word_1_129' title='bbox 876 1516 1132 1574; x_wconf 86' lang='lat' dir='ltr'><strong>exactio</strong></span> <span class='ocrx_word' id='word_1_130' title='bbox 1179 1517 1377 1577; x_wconf 88' lang='lat' dir='ltr'><strong>vitio·</strong></span> <span class='ocrx_word' id='word_1_131' title='bbox 1453 1518 1722 1594; x_wconf 84' lang='lat' dir='ltr'><strong>phorum</strong></span> <span class='ocrx_word' id='word_1_132' title='bbox 1763 1523 2027 1601; x_wconf 88' lang='lat' dir='ltr'><strong>optimi,</strong></span> <span class='ocrx_word' id='word_1_133' title='bbox 2079 1525 2259 1588; x_wconf 87' lang='lat' dir='ltr'><strong>Rom.</strong></span> <span class='ocrx_word' id='word_1_134' title='bbox 2289 1533 2478 1614; x_wconf 88' lang='grc'><strong>8319.</strong></span> 
     </span>
     <span class='ocr_line' id='line_1_16' title="bbox 344 1596 2479 1681; baseline 0.012 -30"><span class='ocrx_word' id='word_1_135' title='bbox 344 1612 490 1653; x_wconf 83' lang='lat' dir='ltr'><strong>rum</strong></span> <span class='ocrx_word' id='word_1_136' title='bbox 510 1637 531 1670; x_wconf 90' lang='lat'><strong>,</strong></span> <span class='ocrx_word' id='word_1_137' title='bbox 573 1616 733 1674; x_wconf 89' lang='lat' dir='ltr'><strong>quae</strong></span> <span class='ocrx_word' id='word_1_138' title='bbox 759 1597 826 1654; x_wconf 90' lang='lat' dir='ltr'><strong>in</strong></span> <span class='ocrx_word' id='word_1_139' title='bbox 852 1596 1175 1677; x_wconf 87' lang='lat' dir='ltr'><strong>Baptismo</strong></span> <span class='ocrx_word' id='word_1_140' title='bbox 1229 1624 1376 1681; x_wconf 88' lang='lat' dir='ltr'><strong>pro-</strong></span> <span class='ocrx_word' id='word_1_141' title='bbox 1449 1600 1694 1663; x_wconf 86' lang='lat' dir='ltr'><strong>Natura</strong></span> <span class='ocrx_word' id='word_1_142' title='bbox 1735 1605 1904 1664; x_wconf 87' lang='lat' dir='ltr'>nihil</span> <span class='ocrx_word' id='word_1_143' title='bbox 1932 1607 2342 1673; x_wconf 87' lang='lat' dir='ltr'><strong>inhonestum</strong></span> <span class='ocrx_word' id='word_1_144' title='bbox 2374 1637 2479 1676; x_wconf 84' lang='lat' dir='ltr'><strong>es-</strong></span> 
     </span>
     <span class='ocr_line' id='line_1_17' title="bbox 347 1679 2478 1760; baseline 0.012 -26"><span class='ocrx_word' id='word_1_145' title='bbox 347 1679 657 1754; x_wconf 89' lang='lat' dir='ltr'><strong>mittitur,</strong></span> <span class='ocrx_word' id='word_1_146' title='bbox 708 1681 840 1740; x_wconf 87' lang='lat' dir='ltr'><strong>Tit.</strong></span> <span class='ocrx_word' id='word_1_147' title='bbox 886 1686 942 1742; x_wconf 83' lang='lat'><strong>3:</strong></span> <span class='ocrx_word' id='word_1_148' title='bbox 987 1686 1050 1744; x_wconf 94' lang='grc'><strong>5.</strong></span> <span class='ocrx_word' id='word_1_149' title='bbox 1127 1683 1371 1745; x_wconf 87' lang='lat' dir='ltr'><strong>Novam</strong></span> <span class='ocrx_word' id='word_1_150' title='bbox 1445 1707 1553 1760; x_wconf 91' lang='lat' dir='ltr'><strong>se,</strong></span> <span class='ocrx_word' id='word_1_151' title='bbox 1620 1690 1733 1749; x_wconf 83' lang='lat' dir='ltr'><strong>sed</strong></span> <span class='ocrx_word' id='word_1_152' title='bbox 1787 1688 2047 1750; x_wconf 83' lang='lat' dir='ltr'><strong>differre</strong></span> <span class='ocrx_word' id='word_1_153' title='bbox 2095 1695 2314 1756; x_wconf 91' lang='lat' dir='ltr'><strong>omnia</strong></span> <span class='ocrx_word' id='word_1_154' title='bbox 2355 1697 2478 1759; x_wconf 89' lang='lat' dir='ltr'><strong>ho-</strong></span> 
     </span>
     <span class='ocr_line' id='line_1_18' title="bbox 341 1760 2475 1862; baseline 0.011 -43"><span class='ocrx_word' id='word_1_155' title='bbox 341 1760 673 1823; x_wconf 83' lang='lat' dir='ltr'><strong>hominum</strong></span> <span class='ocrx_word' id='word_1_156' title='bbox 687 1765 1092 1827; x_wconf 81' lang='lat' dir='ltr'><strong>nativitatem</strong></span> <span class='ocrx_word' id='word_1_157' title='bbox 1111 1791 1370 1849; x_wconf 84' lang='lat' dir='ltr'><strong>qnomo·</strong></span> <span class='ocrx_word' id='word_1_158' title='bbox 1448 1772 1687 1831; x_wconf 88' lang='lat' dir='ltr'><strong>minum</strong></span> <span class='ocrx_word' id='word_1_159' title='bbox 1736 1772 2049 1835; x_wconf 86' lang='lat' dir='ltr'><strong>institutis</strong></span> <span class='ocrx_word' id='word_1_160' title='bbox 2093 1777 2475 1862; x_wconf 79' lang='lat' dir='ltr'><strong>Philosophi</strong></span> 
     </span>
     <span class='ocr_line' id='line_1_19' title="bbox 343 1845 2518 1934; baseline 0.012 -31"><span class='ocrx_word' id='word_1_161' title='bbox 343 1845 428 1904; x_wconf 86' lang='lat' dir='ltr'><strong>do</strong></span> <span class='ocrx_word' id='word_1_162' title='bbox 449 1849 619 1907; x_wconf 85' lang='lat' dir='ltr'><strong>Deus</strong></span> <span class='ocrx_word' id='word_1_163' title='bbox 641 1849 1011 1929; x_wconf 79' lang='lat' dir='ltr'><strong>perfecerit,</strong></span> <span class='ocrx_word' id='word_1_164' title='bbox 1034 1853 1174 1912; x_wconf 83' lang='lat'>1011.</span> <span class='ocrx_word' id='word_1_165' title='bbox 1189 1859 1245 1916; x_wconf 84' lang='lat'><strong>3:</strong></span> <span class='ocrx_word' id='word_1_166' title='bbox 1279 1870 1370 1925; x_wconf 93' lang='grc'><strong>14.</strong></span> <span class='ocrx_word' id='word_1_167' title='bbox 1446 1857 1702 1933; x_wconf 85' lang='lat' dir='ltr'><strong>quidam</strong></span> <span class='ocrx_word' id='word_1_168' title='bbox 1721 1859 2352 1934; x_wconf 86' lang='lat' dir='ltr'><strong>docuerunt,Rom.1:</strong></span> <span class='ocrx_word' id='word_1_169' title='bbox 2371 1871 2473 1929; x_wconf 87' lang='grc'><strong>32.</strong></span> <span class='ocrx_word' id='word_1_170' title='bbox 2513 1894 2518 1899; x_wconf 84' lang='lat'><strong>·</strong></span> 
     </span>
     <span class='ocr_line' id='line_1_20' title="bbox 298 1928 2477 2030; baseline 0.01 -41"><span class='ocrx_word' id='word_1_171' title='bbox 298 1928 537 1990; x_wconf 87' lang='lat' dir='ltr'><strong>Natum</strong></span> <span class='ocrx_word' id='word_1_172' title='bbox 578 1953 713 1993; x_wconf 89' lang='lat' dir='ltr'><strong>non</strong></span> <span class='ocrx_word' id='word_1_173' title='bbox 756 1955 892 1995; x_wconf 82' lang='lat' dir='ltr'><strong>esse</strong></span> <span class='ocrx_word' id='word_1_174' title='bbox 936 1936 1097 1995; x_wconf 85' lang='lat' dir='ltr'><strong>adeo</strong></span> <span class='ocrx_word' id='word_1_175' title='bbox 1134 1941 1367 1999; x_wconf 85' lang='lat' dir='ltr'><strong>malum</strong></span> <span class='ocrx_word' id='word_1_176' title='bbox 1406 1937 1742 2000; x_wconf 84' lang='lat' dir='ltr'><strong>Naturalia</strong></span> <span class='ocrx_word' id='word_1_177' title='bbox 1764 1945 2130 2004; x_wconf 82' lang='lat' dir='ltr'><strong>constitutis</strong></span> <span class='ocrx_word' id='word_1_178' title='bbox 2157 1969 2477 2030; x_wconf 86' lang='lat' dir='ltr'><strong>praepon-</strong></span> 
     </span>
     <span class='ocr_line' id='line_1_21' title="bbox 334 2021 2475 2100; baseline 0.011 -27"><span class='ocrx_word' id='word_1_179' title='bbox 334 2035 471 2075; x_wconf 84' lang='lat' dir='ltr'><strong>non</strong></span> <span class='ocrx_word' id='word_1_180' title='bbox 516 2025 661 2092; x_wconf 87' lang='lat' dir='ltr'><strong>est,</strong></span> <span class='ocrx_word' id='word_1_181' title='bbox 707 2040 891 2098; x_wconf 88' lang='lat' dir='ltr'><strong>quam</strong></span> <span class='ocrx_word' id='word_1_182' title='bbox 935 2021 1234 2082; x_wconf 84' lang='lat' dir='ltr'><strong>miserum</strong></span> <span class='ocrx_word' id='word_1_183' title='bbox 1270 2045 1356 2084; x_wconf 87' lang='lat' dir='ltr'><strong>es·</strong></span> <span class='ocrx_word' id='word_1_184' title='bbox 1446 2024 1716 2100; x_wconf 82' lang='lat' dir='ltr'><strong>derant,</strong></span> <span class='ocrx_word' id='word_1_185' title='bbox 1767 2026 1995 2086; x_wconf 87' lang='lat' dir='ltr'><strong>Matth.</strong></span> <span class='ocrx_word' id='word_1_186' title='bbox 2031 2033 2130 2091; x_wconf 85' lang='lat'><strong>23:</strong></span> <span class='ocrx_word' id='word_1_187' title='bbox 2174 2037 2276 2094; x_wconf 83' lang='grc'><strong>23.</strong></span> <span class='ocrx_word' id='word_1_188' title='bbox 2342 2034 2475 2095; x_wconf 87' lang='lat' dir='ltr'><strong>Na-</strong></span> 
     </span>
     <span class='ocr_line' id='line_1_22' title="bbox 338 2101 2467 2197; baseline 0.01 -39"><span class='ocrx_word' id='word_1_189' title='bbox 338 2119 407 2159; x_wconf 85' lang='lat' dir='ltr'><strong>se</strong></span> <span class='ocrx_word' id='word_1_190' title='bbox 434 2144 452 2175; x_wconf 91' lang='lat'><strong>,</strong></span> <span class='ocrx_word' id='word_1_191' title='bbox 499 2101 731 2161; x_wconf 84' lang='lat' dir='ltr'><strong>Matth.</strong></span> <span class='ocrx_word' id='word_1_192' title='bbox 778 2103 879 2164; x_wconf 92' lang='grc'><strong>263</strong></span> <span class='ocrx_word' id='word_1_193' title='bbox 930 2119 1032 2176; x_wconf 89' lang='grc'><strong>24.</strong></span> <span class='ocrx_word' id='word_1_194' title='bbox 1440 2108 1680 2168; x_wconf 89' lang='lat' dir='ltr'><strong>turalia</strong></span> <span class='ocrx_word' id='word_1_195' title='bbox 1727 2109 2030 2170; x_wconf 86' lang='lat' dir='ltr'><strong>dicuntur</strong></span> <span class='ocrx_word' id='word_1_196' title='bbox 2071 2114 2262 2174; x_wconf 88' lang='lat' dir='ltr'><strong>etiam</strong></span> <span class='ocrx_word' id='word_1_197' title='bbox 2305 2139 2467 2197; x_wconf 87' lang='lat' dir='ltr'><strong>quae</strong></span> 
     </span>
     <span class='ocr_line' id='line_1_23' title="bbox 295 2181 2470 2278; baseline 0.009 -34"><span class='ocrx_word' id='word_1_198' title='bbox 295 2181 543 2244; x_wconf 80' lang='lat' dir='ltr'><strong>Natura</strong></span> <span class='ocrx_word' id='word_1_199' title='bbox 597 2208 717 2266; x_wconf 88' lang='lat' dir='ltr'><strong>pro</strong></span> <span class='ocrx_word' id='word_1_200' title='bbox 778 2188 1015 2248; x_wconf 87' lang='lat' dir='ltr'><strong>inolita</strong></span> <span class='ocrx_word' id='word_1_201' title='bbox 1069 2189 1188 2248; x_wconf 89' lang='lat' dir='ltr'><strong>illa</strong></span> <span class='ocrx_word' id='word_1_202' title='bbox 1238 2191 1361 2269; x_wconf 88' lang='lat' dir='ltr'><strong>pri·</strong></span> <span class='ocrx_word' id='word_1_203' title='bbox 1440 2213 1576 2251; x_wconf 88' lang='lat' dir='ltr'><strong>non</strong></span> <span class='ocrx_word' id='word_1_204' title='bbox 1637 2193 1778 2254; x_wconf 85' lang='lat' dir='ltr'><strong>sine</strong></span> <span class='ocrx_word' id='word_1_205' title='bbox 1841 2196 2092 2255; x_wconf 88' lang='lat' dir='ltr'><strong>ratione</strong></span> <span class='ocrx_word' id='word_1_206' title='bbox 2145 2201 2470 2278; x_wconf 83' lang='lat' dir='ltr'><strong>probabili</strong></span> 
     </span>
     <span class='ocr_line' id='line_1_24' title="bbox 339 2268 2465 2364; baseline 0.009 -38"><span class='ocrx_word' id='word_1_207' title='bbox 339 2268 482 2327; x_wconf 84' lang='lat' dir='ltr'><strong>dem</strong></span> <span class='ocrx_word' id='word_1_208' title='bbox 518 2273 836 2350; x_wconf 80' lang='lat' dir='ltr'><strong>peccandi</strong></span> <span class='ocrx_word' id='word_1_209' title='bbox 865 2275 1362 2351; x_wconf 83' lang='lat' dir='ltr'><strong>consuetudine,</strong></span> <span class='ocrx_word' id='word_1_210' title='bbox 1438 2276 1630 2357; x_wconf 89' lang='lat' dir='ltr'><strong>longe</strong></span> <span class='ocrx_word' id='word_1_211' title='bbox 1673 2298 1749 2336; x_wconf 90' lang='lat' dir='ltr'><strong>ac</strong></span> <span class='ocrx_word' id='word_1_212' title='bbox 1793 2278 1924 2338; x_wconf 91' lang='lat' dir='ltr'><strong>late</strong></span> <span class='ocrx_word' id='word_1_213' title='bbox 1971 2292 2231 2360; x_wconf 86' lang='lat' dir='ltr'><strong>recepta</strong></span> <span class='ocrx_word' id='word_1_214' title='bbox 2275 2297 2465 2364; x_wconf 83' lang='lat' dir='ltr'><strong>sunt,</strong></span> 
     </span>
     <span class='ocr_line' id='line_1_25' title="bbox 335 2351 2469 2439; baseline 0.009 -28"><span class='ocrx_word' id='word_1_215' title='bbox 335 2351 522 2412; x_wconf 86' lang='lat' dir='ltr'><strong>Rom.</strong></span> <span class='ocrx_word' id='word_1_216' title='bbox 570 2375 628 2432; x_wconf 90' lang='lat'><strong>7:</strong></span> <span class='ocrx_word' id='word_1_217' title='bbox 668 2375 764 2433; x_wconf 92' lang='grc'><strong>17.</strong></span> <span class='ocrx_word' id='word_1_218' title='bbox 852 2355 1098 2416; x_wconf 84' lang='lat' dir='ltr'><strong>Natura</strong></span> <span class='ocrx_word' id='word_1_219' title='bbox 1146 2362 1363 2439; x_wconf 87' lang='lat' dir='ltr'><strong>paucis</strong></span> <span class='ocrx_word' id='word_1_220' title='bbox 1445 2380 1468 2419; x_wconf 89' lang='lat'><strong>1</strong></span> <span class='ocrx_word' id='word_1_221' title='bbox 1536 2361 1689 2421; x_wconf 86' lang='lat' dir='ltr'><strong>Cor.</strong></span> <span class='ocrx_word' id='word_1_222' title='bbox 1762 2380 1858 2425; x_wconf 86' lang='lat'><strong>11:</strong></span> <span class='ocrx_word' id='word_1_223' title='bbox 1927 2376 2023 2435; x_wconf 83' lang='grc'><strong>14.</strong></span> <span class='ocrx_word' id='word_1_224' title='bbox 2129 2365 2469 2431; x_wconf 82' lang='lat' dir='ltr'><strong>Naturalia</strong></span> 
     </span>
     <span class='ocr_line' id='line_1_26' title="bbox 334 2442 2469 2531; baseline 0.01 -36"><span class='ocrx_word' id='word_1_225' title='bbox 334 2444 583 2498; x_wconf 89' lang='lat' dir='ltr'><strong>tantum</strong></span> <span class='ocrx_word' id='word_1_226' title='bbox 633 2449 698 2499; x_wconf 91' lang='lat' dir='ltr'><strong>et</strong></span> <span class='ocrx_word' id='word_1_227' title='bbox 738 2442 1138 2519; x_wconf 84' lang='lat' dir='ltr'><strong>parabilibus</strong></span> <span class='ocrx_word' id='word_1_228' title='bbox 1186 2445 1358 2504; x_wconf 85' lang='lat' dir='ltr'><strong>indi-</strong></span> <span class='ocrx_word' id='word_1_229' title='bbox 1440 2445 1632 2526; x_wconf 85' lang='lat' dir='ltr'><strong>Legis</strong></span> <span class='ocrx_word' id='word_1_230' title='bbox 1674 2466 1986 2526; x_wconf 82' lang='lat' dir='ltr'><strong>quaenam</strong></span> <span class='ocrx_word' id='word_1_231' title='bbox 2022 2448 2365 2531; x_wconf 84' lang='lat' dir='ltr'><strong>dicantur,</strong></span> <span class='ocrx_word' id='word_1_232' title='bbox 2402 2467 2469 2517; x_wconf 82' lang='lat' dir='ltr'><strong>et</strong></span> 
     </span>
     <span class='ocr_line' id='line_1_27' title="bbox 334 2523 2206 2614; baseline 0.009 -34"><span class='ocrx_word' id='word_1_233' title='bbox 334 2530 481 2602; x_wconf 88' lang='lat' dir='ltr'><strong>get,</strong></span> <span class='ocrx_word' id='word_1_234' title='bbox 533 2540 557 2580; x_wconf 91' lang='grc'><strong>1</strong></span> <span class='ocrx_word' id='word_1_235' title='bbox 609 2523 748 2584; x_wconf 89' lang='lat' dir='ltr'><strong>Ioh.</strong></span> <span class='ocrx_word' id='word_1_236' title='bbox 777 2544 833 2586; x_wconf 90' lang='grc'><strong>23</strong></span> <span class='ocrx_word' id='word_1_237' title='bbox 884 2526 978 2586; x_wconf 88' lang='grc'><strong>16.</strong></span> <span class='ocrx_word' id='word_1_238' title='bbox 1022 2527 1220 2588; x_wconf 88' lang='lat' dir='ltr'><strong>Plena</strong></span> <span class='ocrx_word' id='word_1_239' title='bbox 1266 2539 1362 2589; x_wconf 84' lang='lat' dir='ltr'><strong>est</strong></span> <span class='ocrx_word' id='word_1_240' title='bbox 1437 2551 1474 2589; x_wconf 89' lang='lat' dir='ltr'><strong>a</strong></span> <span class='ocrx_word' id='word_1_241' title='bbox 1512 2553 1676 2611; x_wconf 83' lang='lat' dir='ltr'><strong>quo,</strong></span> <span class='ocrx_word' id='word_1_242' title='bbox 1722 2530 1954 2596; x_wconf 81' lang='lat' dir='ltr'><strong>Matth.</strong></span> <span class='ocrx_word' id='word_1_243' title='bbox 1995 2535 2057 2595; x_wconf 88' lang='grc'><strong>53</strong></span> <span class='ocrx_word' id='word_1_244' title='bbox 2108 2555 2206 2614; x_wconf 93' lang='grc'><strong>17.</strong></span> 
     </span>
     <span class='ocr_line' id='line_1_28' title="bbox 331 2606 2464 2702; baseline 0.009 -37"><span class='ocrx_word' id='word_1_245' title='bbox 331 2606 664 2669; x_wconf 77' lang='lat' dir='ltr'><strong>miraculis</strong></span> <span class='ocrx_word' id='word_1_246' title='bbox 684 2653 701 2683; x_wconf 94' lang='lat'><strong>,</strong></span> <span class='ocrx_word' id='word_1_247' title='bbox 736 2631 899 2689; x_wconf 88' lang='lat' dir='ltr'><strong>quae</strong></span> <span class='ocrx_word' id='word_1_248' title='bbox 938 2611 1033 2671; x_wconf 88' lang='lat' dir='ltr'><strong>sui</strong></span> <span class='ocrx_word' id='word_1_249' title='bbox 1059 2612 1361 2692; x_wconf 80' lang='lat' dir='ltr'><strong>frequen-</strong></span> <span class='ocrx_word' id='word_1_250' title='bbox 1397 2613 1597 2675; x_wconf 87' lang='lat' dir='ltr'><strong>Natus</strong></span> <span class='ocrx_word' id='word_1_251' title='bbox 1626 2636 1708 2676; x_wconf 82' lang='lat' dir='ltr'><strong>ex</strong></span> <span class='ocrx_word' id='word_1_252' title='bbox 1734 2618 1872 2677; x_wconf 91' lang='lat' dir='ltr'><strong>Deo</strong></span> <span class='ocrx_word' id='word_1_253' title='bbox 1900 2638 2048 2695; x_wconf 89' lang='lat' dir='ltr'><strong>cur,</strong></span> <span class='ocrx_word' id='word_1_254' title='bbox 2077 2629 2143 2679; x_wconf 92' lang='lat' dir='ltr'><strong>et</strong></span> <span class='ocrx_word' id='word_1_255' title='bbox 2163 2623 2464 2702; x_wconf 83' lang='lat' dir='ltr'><strong>quamdiu</strong></span> 
     </span>
     <span class='ocr_line' id='line_1_29' title="bbox 329 2691 2341 2787; baseline 0.008 -38"><span class='ocrx_word' id='word_1_256' title='bbox 329 2692 425 2750; x_wconf 90' lang='lat' dir='ltr'><strong>tia</strong></span> <span class='ocrx_word' id='word_1_257' title='bbox 461 2691 742 2773; x_wconf 87' lang='lat' dir='ltr'><strong>migrant</strong></span> <span class='ocrx_word' id='word_1_258' title='bbox 773 2696 844 2755; x_wconf 89' lang='lat' dir='ltr'><strong>in</strong></span> <span class='ocrx_word' id='word_1_259' title='bbox 882 2718 1112 2758; x_wconf 88' lang='lat' dir='ltr'><strong>nomen</strong></span> <span class='ocrx_word' id='word_1_260' title='bbox 1149 2699 1355 2773; x_wconf 89' lang='lat' dir='ltr'><strong>aliud,</strong></span> <span class='ocrx_word' id='word_1_261' title='bbox 1434 2720 1566 2758; x_wconf 89' lang='lat' dir='ltr'><strong>non</strong></span> <span class='ocrx_word' id='word_1_262' title='bbox 1605 2710 1867 2780; x_wconf 88' lang='lat' dir='ltr'><strong>peccet,</strong></span> <span class='ocrx_word' id='word_1_263' title='bbox 1916 2721 1941 2762; x_wconf 87' lang='lat'>1</span> <span class='ocrx_word' id='word_1_264' title='bbox 1992 2703 2134 2764; x_wconf 83' lang='lat'>1011.</span> <span class='ocrx_word' id='word_1_265' title='bbox 2175 2710 2234 2769; x_wconf 88' lang='grc'><strong>33</strong></span> <span class='ocrx_word' id='word_1_266' title='bbox 2279 2728 2341 2787; x_wconf 89' lang='grc'><strong>9.</strong></span> 
     </span>
     <span class='ocr_line' id='line_1_30' title="bbox 334 2775 2462 2874; baseline 0.01 -40"><span class='ocrx_word' id='word_1_267' title='bbox 334 2793 361 2834; x_wconf 94' lang='grc'><strong>1</strong></span> <span class='ocrx_word' id='word_1_268' title='bbox 436 2775 587 2836; x_wconf 87' lang='lat' dir='ltr'><strong>Cor.</strong></span> <span class='ocrx_word' id='word_1_269' title='bbox 658 2782 752 2840; x_wconf 81' lang='lat'><strong>15:</strong></span> <span class='ocrx_word' id='word_1_270' title='bbox 825 2779 928 2841; x_wconf 83' lang='lat'><strong>36.</strong></span> <span class='ocrx_word' id='word_1_271' title='bbox 1047 2784 1354 2843; x_wconf 86' lang='lat' dir='ltr'><strong>Divinam</strong></span> <span class='ocrx_word' id='word_1_272' title='bbox 1393 2784 1677 2844; x_wconf 79' lang='lat' dir='ltr'><strong>Naucum</strong></span> <span class='ocrx_word' id='word_1_273' title='bbox 1722 2786 1915 2867; x_wconf 83' lang='lat' dir='ltr'><strong>quid,</strong></span> <span class='ocrx_word' id='word_1_274' title='bbox 1959 2788 2192 2850; x_wconf 83' lang='lat' dir='ltr'><strong>Matth.</strong></span> <span class='ocrx_word' id='word_1_275' title='bbox 2230 2794 2291 2852; x_wconf 88' lang='grc'><strong>53</strong></span> <span class='ocrx_word' id='word_1_276' title='bbox 2338 2794 2462 2874; x_wconf 76' lang='grc'><strong>37,</strong></span> 
     </span>
     <span class='ocr_line' id='line_1_31' title="bbox 325 2861 1923 2948; baseline 0.01 -29"><span class='ocrx_word' id='word_1_277' title='bbox 325 2861 733 2922; x_wconf 84' lang='lat' dir='ltr'><strong>voluntatem</strong></span> <span class='ocrx_word' id='word_1_278' title='bbox 776 2864 991 2943; x_wconf 88' lang='lat' dir='ltr'><strong>aliquo</strong></span> <span class='ocrx_word' id='word_1_279' title='bbox 1031 2868 1221 2927; x_wconf 85' lang='lat' dir='ltr'><strong>modo</strong></span> <span class='ocrx_word' id='word_1_280' title='bbox 1255 2867 1353 2929; x_wconf 86' lang='lat' dir='ltr'><strong>in·</strong></span> <span class='ocrx_word' id='word_1_281' title='bbox 1437 2889 1460 2928; x_wconf 89' lang='grc'><strong>1</strong></span> <span class='ocrx_word' id='word_1_282' title='bbox 1516 2869 1669 2929; x_wconf 85' lang='lat' dir='ltr'><strong>Cor.</strong></span> <span class='ocrx_word' id='word_1_283' title='bbox 1721 2888 1772 2931; x_wconf 90' lang='grc'><strong>13</strong></span> <span class='ocrx_word' id='word_1_284' title='bbox 1826 2889 1923 2948; x_wconf 91' lang='grc'><strong>17.</strong></span> 
     </span>
     <span class='ocr_line' id='line_1_32' title="bbox 328 2943 2463 3035; baseline 0.008 -32"><span class='ocrx_word' id='word_1_285' title='bbox 328 2943 537 3026; x_wconf 83' lang='lat' dir='ltr'><strong>dicat,</strong></span> <span class='ocrx_word' id='word_1_286' title='bbox 583 2946 767 3006; x_wconf 87' lang='lat' dir='ltr'><strong>Rom.</strong></span> <span class='ocrx_word' id='word_1_287' title='bbox 793 2952 851 3009; x_wconf 84' lang='grc'><strong>33</strong></span> <span class='ocrx_word' id='word_1_288' title='bbox 893 2966 993 3009; x_wconf 89' lang='grc'><strong>20.</strong></span> <span class='ocrx_word' id='word_1_289' title='bbox 1059 2951 1215 3032; x_wconf 85' lang='lat' dir='ltr'><strong>Legi</strong></span> <span class='ocrx_word' id='word_1_290' title='bbox 1244 2975 1357 3032; x_wconf 89' lang='lat' dir='ltr'><strong>op-</strong></span> <span class='ocrx_word' id='word_1_291' title='bbox 1391 2952 1740 3034; x_wconf 85' lang='lat' dir='ltr'><strong>Naufragia</strong></span> <span class='ocrx_word' id='word_1_292' title='bbox 1793 2953 1978 3014; x_wconf 90' lang='lat' dir='ltr'><strong>Pauli</strong></span> <span class='ocrx_word' id='word_1_293' title='bbox 2024 2957 2252 3035; x_wconf 84' lang='lat' dir='ltr'><strong>quibus</strong></span> <span class='ocrx_word' id='word_1_294' title='bbox 2299 2965 2463 3019; x_wconf 85' lang='lat' dir='ltr'><strong>tem-</strong></span> 
     </span>
     <span class='ocr_line' id='line_1_33' title="bbox 324 3029 2461 3115; baseline 0.008 -27"><span class='ocrx_word' id='word_1_295' title='bbox 324 3029 541 3110; x_wconf 84' lang='lat' dir='ltr'><strong>posita</strong></span> <span class='ocrx_word' id='word_1_296' title='bbox 580 3030 732 3111; x_wconf 86' lang='lat' dir='ltr'><strong>qnid</strong></span> <span class='ocrx_word' id='word_1_297' title='bbox 774 3033 1126 3113; x_wconf 84' lang='lat' dir='ltr'><strong>significet,</strong></span> <span class='ocrx_word' id='word_1_298' title='bbox 1177 3036 1355 3095; x_wconf 84' lang='lat' dir='ltr'><strong>Rom.</strong></span> <span class='ocrx_word' id='word_1_299' title='bbox 1428 3037 1689 3115; x_wconf 87' lang='lat' dir='ltr'><strong>poribus</strong></span> <span class='ocrx_word' id='word_1_300' title='bbox 1754 3038 2138 3115; x_wconf 82' lang='lat' dir='ltr'><strong>evenerint,</strong></span> <span class='ocrx_word' id='word_1_301' title='bbox 2206 3058 2245 3100; x_wconf 99' lang='grc'><strong>2</strong></span> <span class='ocrx_word' id='word_1_302' title='bbox 2308 3043 2461 3105; x_wconf 81' lang='lat' dir='ltr'><strong>Cor.</strong></span> 
     </span>
     <span class='ocr_line' id='line_1_34' title="bbox 324 3114 2458 3201; baseline 0.007 -28"><span class='ocrx_word' id='word_1_303' title='bbox 324 3132 383 3174; x_wconf 91' lang='grc'><strong>23</strong></span> <span class='ocrx_word' id='word_1_304' title='bbox 440 3128 536 3185; x_wconf 91' lang='grc'><strong>14.</strong></span> <span class='ocrx_word' id='word_1_305' title='bbox 602 3114 887 3178; x_wconf 87' lang='lat' dir='ltr'><strong>Naturae</strong></span> <span class='ocrx_word' id='word_1_306' title='bbox 931 3138 1062 3178; x_wconf 86' lang='lat' dir='ltr'><strong>vox</strong></span> <span class='ocrx_word' id='word_1_307' title='bbox 1113 3121 1191 3180; x_wconf 88' lang='lat' dir='ltr'><strong>de</strong></span> <span class='ocrx_word' id='word_1_308' title='bbox 1229 3123 1348 3183; x_wconf 86' lang='lat' dir='ltr'><strong>Dei</strong></span> <span class='ocrx_word' id='word_1_309' title='bbox 1434 3140 1527 3182; x_wconf 89' lang='grc'><strong>113</strong></span> <span class='ocrx_word' id='word_1_310' title='bbox 1595 3124 1699 3180; x_wconf 91' lang='grc'><strong>25.</strong></span> <span class='ocrx_word' id='word_1_311' title='bbox 1784 3119 2124 3201; x_wconf 78' lang='lat' dir='ltr'><strong>Naufragii</strong></span> <span class='ocrx_word' id='word_1_312' title='bbox 2188 3135 2458 3188; x_wconf 89' lang='lat' dir='ltr'><strong>mortem</strong></span> 
     </span>
     <span class='ocr_line' id='line_1_35' title="bbox 321 3198 2459 3289; baseline 0.006 -32"><span class='ocrx_word' id='word_1_313' title='bbox 321 3198 870 3277; x_wconf 86' lang='lat' dir='ltr'><strong>proprietatibus,</strong></span> <span class='ocrx_word' id='word_1_314' title='bbox 920 3219 959 3261; x_wconf 99' lang='grc'><strong>2</strong></span> <span class='ocrx_word' id='word_1_315' title='bbox 1006 3202 1179 3265; x_wconf 83' lang='grc' dir='ltr'><strong>Ρο11·.</strong></span> <span class='ocrx_word' id='word_1_316' title='bbox 1212 3219 1350 3276; x_wconf 90' lang='grc'><strong>134.</strong></span> <span class='ocrx_word' id='word_1_317' title='bbox 1424 3225 1539 3264; x_wconf 86' lang='lat' dir='ltr'><strong>cur</strong></span> <span class='ocrx_word' id='word_1_318' title='bbox 1617 3202 2087 3266; x_wconf 83' lang='lat' dir='ltr'><strong>exhorruerint</strong></span> <span class='ocrx_word' id='word_1_319' title='bbox 2142 3208 2459 3289; x_wconf 80' lang='lat' dir='ltr'><strong>Veteres,</strong></span> 
     </span>
     <span class='ocr_line' id='line_1_36' title="bbox 321 3279 1968 3369; baseline 0.005 -29"><span class='ocrx_word' id='word_1_320' title='bbox 321 3279 608 3343; x_wconf 84' lang='lat' dir='ltr'><strong>Naturae</strong></span> <span class='ocrx_word' id='word_1_321' title='bbox 684 3286 969 3348; x_wconf 86' lang='lat' dir='ltr'><strong>Divinae</strong></span> <span class='ocrx_word' id='word_1_322' title='bbox 1047 3288 1310 3369; x_wconf 89' lang='lat' dir='ltr'><strong>propria</strong></span> <span class='ocrx_word' id='word_1_323' title='bbox 1428 3289 1630 3368; x_wconf 80' lang='lat' dir='ltr'><strong>Apoc.</strong></span> <span class='ocrx_word' id='word_1_324' title='bbox 1676 3308 1773 3349; x_wconf 91' lang='grc'><strong>203</strong></span> <span class='ocrx_word' id='word_1_325' title='bbox 1830 3293 1968 3364; x_wconf 48' lang='grc'><strong>13.,</strong></span> 
     </span>
     <span class='ocr_line' id='line_1_37' title="bbox 323 3368 2460 3448; baseline 0.007 -24"><span class='ocrx_word' id='word_1_326' title='bbox 323 3368 654 3429; x_wconf 85' lang='lat' dir='ltr'><strong>commode</strong></span> <span class='ocrx_word' id='word_1_327' title='bbox 677 3370 1196 3448; x_wconf 84' lang='lat' dir='ltr'><strong>interpretanda,</strong></span> <span class='ocrx_word' id='word_1_328' title='bbox 1218 3395 1349 3433; x_wconf 92' lang='lat' dir='ltr'><strong>non</strong></span> <span class='ocrx_word' id='word_1_329' title='bbox 1383 3373 1583 3435; x_wconf 85' lang='lat' dir='ltr'><strong>Navis</strong></span> <span class='ocrx_word' id='word_1_330' title='bbox 1613 3374 1949 3434; x_wconf 71' lang='lat' dir='ltr'><strong>Ecclesiae</strong></span> <span class='ocrx_word' id='word_1_331' title='bbox 1977 3374 2359 3437; x_wconf 84' lang='lat' dir='ltr'><strong>Indaeorum</strong></span> <span class='ocrx_word' id='word_1_332' title='bbox 2393 3387 2460 3439; x_wconf 87' lang='lat' dir='ltr'><strong>et</strong></span> 
     </span>
     <span class='ocr_line' id='line_1_38' title="bbox 318 3452 2457 3534; baseline 0.007 -27"><span class='ocrx_word' id='word_1_333' title='bbox 318 3452 600 3534; x_wconf 85' lang='lat' dir='ltr'><strong>maligne</strong></span> <span class='ocrx_word' id='word_1_334' title='bbox 689 3455 1065 3517; x_wconf 87' lang='lat' dir='ltr'><strong>cavillanda</strong></span> <span class='ocrx_word' id='word_1_335' title='bbox 1156 3469 1347 3534; x_wconf 83' lang='lat' dir='ltr'><strong>sunt,</strong></span> <span class='ocrx_word' id='word_1_336' title='bbox 1425 3459 1762 3534; x_wconf 87' lang='lat' dir='ltr'><strong>Gentium,</strong></span> <span class='ocrx_word' id='word_1_337' title='bbox 1805 3459 1962 3519; x_wconf 87' lang='lat' dir='ltr'><strong>Luc.</strong></span> <span class='ocrx_word' id='word_1_338' title='bbox 1986 3464 2047 3521; x_wconf 88' lang='grc'><strong>53</strong></span> <span class='ocrx_word' id='word_1_339' title='bbox 2082 3481 2180 3521; x_wconf 95' lang='grc'><strong>10.</strong></span> <span class='ocrx_word' id='word_1_340' title='bbox 2250 3460 2457 3524; x_wconf 86' lang='lat' dir='ltr'><strong>Navis</strong></span> 
     </span>
     <span class='ocr_line' id='line_1_39' title="bbox 319 3532 2458 3623; baseline 0.007 -30"><span class='ocrx_word' id='word_1_341' title='bbox 319 3532 522 3597; x_wconf 87' lang='lat' dir='ltr'><strong>Hebr.</strong></span> <span class='ocrx_word' id='word_1_342' title='bbox 571 3557 625 3599; x_wconf 91' lang='grc'><strong>13</strong></span> <span class='ocrx_word' id='word_1_343' title='bbox 671 3542 731 3601; x_wconf 86' lang='grc'><strong>3.</strong></span> <span class='ocrx_word' id='word_1_344' title='bbox 818 3538 1103 3602; x_wconf 85' lang='lat' dir='ltr'><strong>Naturae</strong></span> <span class='ocrx_word' id='word_1_345' title='bbox 1139 3564 1351 3603; x_wconf 88' lang='lat' dir='ltr'><strong>novae</strong></span> <span class='ocrx_word' id='word_1_346' title='bbox 1421 3564 1544 3623; x_wconf 88' lang='lat' dir='ltr'><strong>qua</strong></span> <span class='ocrx_word' id='word_1_347' title='bbox 1590 3544 1952 3604; x_wconf 88' lang='lat' dir='ltr'><strong>vehebatur</strong></span> <span class='ocrx_word' id='word_1_348' title='bbox 1997 3546 2234 3605; x_wconf 87' lang='lat' dir='ltr'><strong>Paulus</strong></span> <span class='ocrx_word' id='word_1_349' title='bbox 2282 3549 2458 3608; x_wconf 87' lang='lat' dir='ltr'><strong>unde</strong></span> 
     </span>
     <span class='ocr_line' id='line_1_40' title="bbox 1422 3629 2457 3709; baseline 0.005 -22"><span class='ocrx_word' id='word_1_350' title='bbox 1422 3630 1769 3700; x_wconf 86' lang='lat' dir='ltr'><strong>veniebat,</strong></span> <span class='ocrx_word' id='word_1_351' title='bbox 1813 3638 1880 3689; x_wconf 87' lang='lat' dir='ltr'><strong>et</strong></span> <span class='ocrx_word' id='word_1_352' title='bbox 1917 3649 2043 3709; x_wconf 91' lang='lat' dir='ltr'><strong>quo</strong></span> <span class='ocrx_word' id='word_1_353' title='bbox 2085 3629 2259 3698; x_wconf 84' lang='lat' dir='ltr'><strong>ibat,</strong></span> <span class='ocrx_word' id='word_1_354' title='bbox 2306 3631 2457 3692; x_wconf 87' lang='lat' dir='ltr'><strong>Act.</strong></span> 
     </span>
     <span class='ocr_line' id='line_1_41' title="bbox 1423 3711 2452 3794; baseline 0.007 -24"><span class='ocrx_word' id='word_1_355' title='bbox 1423 3730 1523 3790; x_wconf 87' lang='grc'><strong>273</strong></span> <span class='ocrx_word' id='word_1_356' title='bbox 1575 3732 1633 3771; x_wconf 92' lang='grc'><strong>2.</strong></span> <span class='ocrx_word' id='word_1_357' title='bbox 1700 3711 1900 3773; x_wconf 87' lang='lat' dir='ltr'><strong>Navis</strong></span> <span class='ocrx_word' id='word_1_358' title='bbox 1940 3722 2005 3772; x_wconf 93' lang='lat' dir='ltr'><strong>et</strong></span> <span class='ocrx_word' id='word_1_359' title='bbox 2030 3714 2452 3794; x_wconf 84' lang='lat' dir='ltr'><strong>Reipublicae</strong></span> 
     </span>
     <span class='ocr_line' id='line_1_42' title="bbox 1421 3797 2456 3877; baseline 0.007 -24"><span class='ocrx_word' id='word_1_360' title='bbox 1421 3797 1860 3875; x_wconf 88' lang='lat' dir='ltr'><strong>comparatio,</strong></span> <span class='ocrx_word' id='word_1_361' title='bbox 1945 3797 2091 3857; x_wconf 87' lang='lat' dir='ltr'><strong>Act.</strong></span> <span class='ocrx_word' id='word_1_362' title='bbox 2176 3817 2277 3877; x_wconf 89' lang='grc'><strong>273</strong></span> <span class='ocrx_word' id='word_1_363' title='bbox 2349 3814 2456 3871; x_wconf 89' lang='grc'><strong>24.</strong></span> 
     </span>
     <span class='ocr_line' id='line_1_43' title="bbox 1421 3878 2452 3946; baseline 0.007 -7"><span class='ocrx_word' id='word_1_364' title='bbox 1421 3878 1625 3941; x_wconf 84' lang='lat' dir='ltr'><strong>Navis</strong></span> <span class='ocrx_word' id='word_1_365' title='bbox 1674 3901 1896 3940; x_wconf 87' lang='lat' dir='ltr'><strong>cursus</strong></span> <span class='ocrx_word' id='word_1_366' title='bbox 1957 3882 2087 3941; x_wconf 83' lang='lat' dir='ltr'><strong>diei</strong></span> <span class='ocrx_word' id='word_1_367' title='bbox 2132 3888 2198 3940; x_wconf 90' lang='lat' dir='ltr'><strong>et</strong></span> <span class='ocrx_word' id='word_1_368' title='bbox 2242 3885 2452 3946; x_wconf 77' lang='lat' dir='ltr'><strong>noctis</strong></span> 
     </span>
     <span class='ocr_line' id='line_1_44' title="bbox 1422 3964 2451 4047; baseline 0.005 -25"><span class='ocrx_word' id='word_1_369' title='bbox 1422 3964 1795 4024; x_wconf 86' lang='lat' dir='ltr'><strong>aestimatur</strong></span> <span class='ocrx_word' id='word_1_370' title='bbox 1901 3965 2083 4025; x_wconf 87' lang='lat' dir='ltr'><strong>mille</strong></span> <span class='ocrx_word' id='word_1_371' title='bbox 2177 3968 2451 4047; x_wconf 86' lang='lat' dir='ltr'><strong>stadiis,</strong></span> 
     </span>
     <span class='ocr_line' id='line_1_45' title="bbox 1419 4047 2457 4130; baseline 0.007 -23"><span class='ocrx_word' id='word_1_372' title='bbox 1419 4047 1563 4108; x_wconf 91' lang='lat' dir='ltr'><strong>Ioh.</strong></span> <span class='ocrx_word' id='word_1_373' title='bbox 1587 4048 1646 4109; x_wconf 84' lang='lat'><strong>6:</strong></span> <span class='ocrx_word' id='word_1_374' title='bbox 1701 4067 1797 4129; x_wconf 89' lang='grc'><strong>19.</strong></span> <span class='ocrx_word' id='word_1_375' title='bbox 1851 4048 2089 4124; x_wconf 89' lang='lat' dir='ltr'><strong>Navis,</strong></span> <span class='ocrx_word' id='word_1_376' title='bbox 2132 4070 2256 4130; x_wconf 89' lang='lat' dir='ltr'><strong>qua</strong></span> <span class='ocrx_word' id='word_1_377' title='bbox 2299 4072 2457 4113; x_wconf 88' lang='lat' dir='ltr'><strong>vec-</strong></span> 
     </span>
     <span class='ocr_line' id='line_1_46' title="bbox 1421 4132 2455 4216; baseline 0.006 -24"><span class='ocrx_word' id='word_1_378' title='bbox 1421 4143 1522 4193; x_wconf 89' lang='lat' dir='ltr'><strong>tus</strong></span> <span class='ocrx_word' id='word_1_379' title='bbox 1570 4132 1881 4210; x_wconf 84' lang='lat' dir='ltr'><strong>Ovidius,</strong></span> <span class='ocrx_word' id='word_1_380' title='bbox 1929 4132 2186 4216; x_wconf 88' lang='lat' dir='ltr'><strong>insigne</strong></span> <span class='ocrx_word' id='word_1_381' title='bbox 2241 4145 2306 4195; x_wconf 92' lang='lat' dir='ltr'><strong>et</strong></span> <span class='ocrx_word' id='word_1_382' title='bbox 2350 4148 2455 4198; x_wconf 85' lang='lat' dir='ltr'><strong>tu-</strong></span> 
     </span>
     <span class='ocr_line' id='line_1_47' title="bbox 1417 4219 2506 4294; baseline 0.005 -17"><span class='ocrx_word' id='word_1_383' title='bbox 1417 4220 1596 4294; x_wconf 84' lang='lat' dir='ltr'><strong>tela,</strong></span> <span class='ocrx_word' id='word_1_384' title='bbox 1666 4220 1815 4279; x_wconf 82' lang='lat' dir='ltr'><strong>Act.</strong></span> <span class='ocrx_word' id='word_1_385' title='bbox 1877 4221 1979 4279; x_wconf 89' lang='grc'><strong>283</strong></span> <span class='ocrx_word' id='word_1_386' title='bbox 2050 4238 2147 4279; x_wconf 88' lang='grc'><strong>11.</strong></span> <span class='ocrx_word' id='word_1_387' title='bbox 2278 4219 2506 4282; x_wconf 71' lang='lat' dir='ltr'><strong>Navi=</strong></span> 
     </span>
     <span class='ocr_line' id='line_1_48' title="bbox 305 4298 2453 4384; baseline 0.007 -33"><span class='ocrx_word' id='word_1_388' title='bbox 305 4304 579 4372; x_wconf 86' lang='lat' dir='ltr'><strong>rantur,</strong></span> <span class='ocrx_word' id='word_1_389' title='bbox 649 4298 804 4364; x_wconf 89' lang='lat' dir='ltr'><strong>Luc.</strong></span> <span class='ocrx_word' id='word_1_390' title='bbox 857 4320 949 4362; x_wconf 90' lang='grc'><strong>123</strong></span> <span class='ocrx_word' id='word_1_391' title='bbox 995 4314 1098 4378; x_wconf 89' lang='grc'><strong>47.</strong></span> <span class='ocrx_word' id='word_1_392' title='bbox 1191 4303 1345 4363; x_wconf 85' lang='lat' dir='ltr'><strong>Eius</strong></span> <span class='ocrx_word' id='word_1_393' title='bbox 1419 4302 1879 4383; x_wconf 85' lang='lat' dir='ltr'><strong>periclitante,</strong></span> <span class='ocrx_word' id='word_1_394' title='bbox 1948 4301 2184 4384; x_wconf 62' lang='lat' dir='ltr'><strong>scapha</strong></span> <span class='ocrx_word' id='word_1_395' title='bbox 2255 4306 2453 4367; x_wconf 87' lang='lat' dir='ltr'><strong>saluti</strong></span> 
     </span>
     <span class='ocr_line' id='line_1_49' title="bbox 308 4385 2452 4463; baseline 0.007 -28"><span class='ocrx_word' id='word_1_396' title='bbox 308 4389 525 4456; x_wconf 83' lang='lat' dir='ltr'><strong>partes</strong></span> <span class='ocrx_word' id='word_1_397' title='bbox 592 4405 815 4444; x_wconf 86' lang='lat' dir='ltr'><strong>omnes</strong></span> <span class='ocrx_word' id='word_1_398' title='bbox 887 4385 1181 4463; x_wconf 73' lang='lat' dir='ltr'><strong>deposita</strong></span> <span class='ocrx_word' id='word_1_399' title='bbox 1234 4409 1347 4453; x_wconf 84' lang='lat' dir='ltr'><strong>sua</strong></span> <span class='ocrx_word' id='word_1_400' title='bbox 1418 4408 1569 4449; x_wconf 90' lang='lat' dir='ltr'><strong>suae</strong></span> <span class='ocrx_word' id='word_1_401' title='bbox 1638 4388 1976 4449; x_wconf 76' lang='lat' dir='ltr'><strong>consulere</strong></span> <span class='ocrx_word' id='word_1_402' title='bbox 2033 4388 2247 4450; x_wconf 78' lang='lat' dir='ltr'><strong>solent</strong></span> <span class='ocrx_word' id='word_1_403' title='bbox 2286 4411 2452 4450; x_wconf 87' lang='lat' dir='ltr'><strong>nau-</strong></span> 
     </span>
     <span class='ocr_line' id='line_1_50' title="bbox 307 4462 2451 4551; baseline 0.005 -29"><span class='ocrx_word' id='word_1_404' title='bbox 307 4462 724 4528; x_wconf 74' lang='lat' dir='ltr'><strong>exhibiluras</strong></span> <span class='ocrx_word' id='word_1_405' title='bbox 787 4479 1070 4551; x_wconf 84' lang='lat' dir='ltr'><strong>tempore</strong></span> <span class='ocrx_word' id='word_1_406' title='bbox 1115 4471 1344 4533; x_wconf 81' lang='lat' dir='ltr'><strong>iudicii</strong></span> <span class='ocrx_word' id='word_1_407' title='bbox 1424 4481 1569 4548; x_wconf 89' lang='lat' dir='ltr'><strong>tae,</strong></span> <span class='ocrx_word' id='word_1_408' title='bbox 1637 4474 1799 4533; x_wconf 79' lang='lat' dir='ltr'><strong>ibid.</strong></span> <span class='ocrx_word' id='word_1_409' title='bbox 1906 4472 2180 4533; x_wconf 86' lang='lat' dir='ltr'><strong>Navium</strong></span> <span class='ocrx_word' id='word_1_410' title='bbox 2246 4494 2451 4534; x_wconf 86' lang='lat' dir='ltr'><strong>onera</strong></span> 
     </span>
     <span class='ocr_line' id='line_1_51' title="bbox 1590 4555 2451 4618; baseline -0.001 -2"><span class='ocrx_word' id='word_1_411' title='bbox 1590 4555 1640 4616; x_wconf 82' lang='lat' dir='ltr'>L</span> <span class='ocrx_word' id='word_1_412' title='bbox 1667 4575 1708 4618; x_wconf 81' lang='grc'><strong>2</strong></span> <span class='ocrx_word' id='word_1_413' title='bbox 2343 4578 2451 4616; x_wconf 83' lang='lat' dir='ltr'><strong>so-</strong></span> 
     </span>
    </p>
   </div>
   <div class='ocr_carea' id='block_1_3' title="bbox 1352 435 1427 4418">
    <p class='ocr_par' dir='ltr' id='par_1_3' title="bbox 1352 435 1427 4418">
     <span class='ocr_line' id='line_1_52' title="bbox 1407 435 1427 524; baseline 0 4561"><span class='ocrx_word' id='word_1_414' title='bbox 1407 435 1427 524; x_wconf 95' lang='lat' dir='ltr'><strong> </strong></span> 
     </span>
     <span class='ocr_line' id='line_1_53' title="bbox 1387 1143 1409 1277; baseline 0 0"><span class='ocrx_word' id='word_1_415' title='bbox 1387 1143 1409 1277; x_wconf 95' lang='lat' dir='ltr'><strong>  </strong></span> 
     </span>
     <span class='ocr_line' id='line_1_54' title="bbox 1382 1296 1406 1554; baseline 0 0"><span class='ocrx_word' id='word_1_416' title='bbox 1382 1296 1406 1554; x_wconf 95' lang='lat' dir='ltr'><strong>   </strong></span> 
     </span>
     <span class='ocr_line' id='line_1_55' title="bbox 1369 2326 1393 2478; baseline 0 -86"><span class='ocrx_word' id='word_1_417' title='bbox 1369 2326 1393 2478; x_wconf 95' lang='lat' dir='ltr'><strong>   </strong></span> 
     </span>
     <span class='ocr_line' id='line_1_56' title="bbox 1352 3668 1373 4418; baseline 0 -673"><span class='ocrx_word' id='word_1_418' title='bbox 1352 3668 1373 4418; x_wconf 95' lang='lat' dir='ltr'><strong>  </strong></span> 
     </span>
    </p>
   </div>
   <div class='ocr_carea' id='block_1_4' title="bbox 312 3619 1350 4300">
    <p class='ocr_par' dir='ltr' id='par_1_4' title="bbox 312 3619 1350 4300">
     <span class='ocr_line' id='line_1_57' title="bbox 317 3619 1350 3703; baseline 0.011 -26"><span class='ocrx_word' id='word_1_419' title='bbox 317 3619 579 3681; x_wconf 89' lang='lat' dir='ltr'><strong>initium</strong></span> <span class='ocrx_word' id='word_1_420' title='bbox 639 3621 836 3703; x_wconf 76' lang='lat' dir='ltr'><strong>quid,</strong></span> <span class='ocrx_word' id='word_1_421' title='bbox 910 3626 1089 3685; x_wconf 86' lang='lat' dir='ltr'><strong>Rom.</strong></span> <span class='ocrx_word' id='word_1_422' title='bbox 1136 3630 1196 3687; x_wconf 81' lang='lat'><strong>5:</strong></span> <span class='ocrx_word' id='word_1_423' title='bbox 1254 3631 1350 3688; x_wconf 91' lang='grc'><strong>18.</strong></span> 
     </span>
     <span class='ocr_line' id='line_1_58' title="bbox 318 3702 1349 3771; baseline 0.007 -8"><span class='ocrx_word' id='word_1_424' title='bbox 318 3702 601 3766; x_wconf 79' lang='lat' dir='ltr'><strong>Naturae</strong></span> <span class='ocrx_word' id='word_1_425' title='bbox 664 3710 808 3767; x_wconf 88' lang='lat' dir='ltr'><strong>iura</strong></span> <span class='ocrx_word' id='word_1_426' title='bbox 856 3720 1007 3769; x_wconf 83' lang='lat' dir='ltr'><strong>sunt</strong></span> <span class='ocrx_word' id='word_1_427' title='bbox 1052 3712 1349 3771; x_wconf 88' lang='lat' dir='ltr'><strong>immuta-</strong></span> 
     </span>
     <span class='ocr_line' id='line_1_59' title="bbox 317 3788 1348 3869; baseline 0.008 -22"><span class='ocrx_word' id='word_1_428' title='bbox 317 3788 520 3864; x_wconf 83' lang='lat' dir='ltr'><strong>bilia,</strong></span> <span class='ocrx_word' id='word_1_429' title='bbox 594 3792 753 3851; x_wconf 85' lang='lat' dir='ltr'><strong>Luc.</strong></span> <span class='ocrx_word' id='word_1_430' title='bbox 825 3811 922 3853; x_wconf 81' lang='lat' dir='ltr'><strong>lo:</strong></span> <span class='ocrx_word' id='word_1_431' title='bbox 986 3800 1086 3869; x_wconf 90' lang='grc'><strong>37.</strong></span> <span class='ocrx_word' id='word_1_432' title='bbox 1192 3796 1348 3856; x_wconf 89' lang='lat' dir='ltr'><strong>Eius</strong></span> 
     </span>
     <span class='ocr_line' id='line_1_60' title="bbox 318 3872 1348 3956; baseline 0.006 -23"><span class='ocrx_word' id='word_1_433' title='bbox 318 3872 521 3955; x_wconf 87' lang='lat' dir='ltr'><strong>Leges</strong></span> <span class='ocrx_word' id='word_1_434' title='bbox 563 3875 634 3935; x_wconf 89' lang='lat' dir='ltr'><strong>in</strong></span> <span class='ocrx_word' id='word_1_435' title='bbox 672 3879 922 3956; x_wconf 88' lang='lat' dir='ltr'><strong>magnis</strong></span> <span class='ocrx_word' id='word_1_436' title='bbox 955 3881 1147 3940; x_wconf 83' lang='lat' dir='ltr'><strong>rebus</strong></span> <span class='ocrx_word' id='word_1_437' title='bbox 1175 3883 1348 3942; x_wconf 89' lang='lat' dir='ltr'><strong>Deus</strong></span> 
     </span>
     <span class='ocr_line' id='line_1_61' title="bbox 315 3962 1348 4036; baseline 0.01 -22"><span class='ocrx_word' id='word_1_438' title='bbox 315 3965 561 4019; x_wconf 85' lang='lat' dir='ltr'><strong>tantu-m</strong></span> <span class='ocrx_word' id='word_1_439' title='bbox 613 3962 904 4036; x_wconf 84' lang='lat' dir='ltr'><strong>excedit,</strong></span> <span class='ocrx_word' id='word_1_440' title='bbox 955 3963 1116 4023; x_wconf 90' lang='lat' dir='ltr'><strong>Luc.</strong></span> <span class='ocrx_word' id='word_1_441' title='bbox 1159 3971 1259 4028; x_wconf 87' lang='grc'><strong>233</strong></span> <span class='ocrx_word' id='word_1_442' title='bbox 1289 3969 1348 4027; x_wconf 91' lang='grc'><strong>8.</strong></span> 
     </span>
     <span class='ocr_line' id='line_1_62' title="bbox 314 4040 1343 4125; baseline 0.006 -23"><span class='ocrx_word' id='word_1_443' title='bbox 314 4040 473 4102; x_wconf 87' lang='lat' dir='ltr'><strong>Eius</strong></span> <span class='ocrx_word' id='word_1_444' title='bbox 541 4055 886 4125; x_wconf 88' lang='lat' dir='ltr'><strong>praecepta</strong></span> <span class='ocrx_word' id='word_1_445' title='bbox 944 4049 1343 4110; x_wconf 83' lang='lat' dir='ltr'><strong>circumcisi·</strong></span> 
     </span>
     <span class='ocr_line' id='line_1_63' title="bbox 313 4130 1345 4213; baseline 0.008 -29"><span class='ocrx_word' id='word_1_446' title='bbox 313 4148 436 4186; x_wconf 90' lang='grc'><strong>0110</strong></span> <span class='ocrx_word' id='word_1_447' title='bbox 484 4131 901 4208; x_wconf 88' lang='lat' dir='ltr'><strong>antiquiora,</strong></span> <span class='ocrx_word' id='word_1_448' title='bbox 948 4130 1092 4192; x_wconf 85' lang='lat' dir='ltr'><strong>Ioh.</strong></span> <span class='ocrx_word' id='word_1_449' title='bbox 1141 4155 1197 4213; x_wconf 89' lang='lat'><strong>7:</strong></span> <span class='ocrx_word' id='word_1_450' title='bbox 1248 4138 1345 4196; x_wconf 87' lang='grc'><strong>23.</strong></span> 
     </span>
     <span class='ocr_line' id='line_1_64' title="bbox 312 4208 1343 4300; baseline 0.009 -31"><span class='ocrx_word' id='word_1_451' title='bbox 312 4208 488 4270; x_wconf 85' lang='lat' dir='ltr'><strong>Haec</strong></span> <span class='ocrx_word' id='word_1_452' title='bbox 528 4234 564 4271; x_wconf 92' lang='lat' dir='ltr'><strong>a</strong></span> <span class='ocrx_word' id='word_1_453' title='bbox 588 4215 789 4274; x_wconf 85' lang='lat' dir='ltr'><strong>nullis</strong></span> <span class='ocrx_word' id='word_1_454' title='bbox 825 4218 1122 4296; x_wconf 87' lang='lat' dir='ltr'><strong>gentibus</strong></span> <span class='ocrx_word' id='word_1_455' title='bbox 1160 4220 1343 4300; x_wconf 88' lang='lat' dir='ltr'><strong>igno—</strong></span> 
     </span>
    </p>
   </div>
  </div>
 </body>
</html>
