2779 5085
614 162 1081 297 ‘a'ssaoM
1171 220 1275 261 ετ
1368 193 2035 303 vssssssoauu.
2343 231 2463 297 199

307 352 479 423 vidis
534 348 847 429 'nomine,
915 354 1114 418 Heb‘r.
1169 372 1231 430 4:
1285 383 1343 436 7.
1418 352 1727 417 foeminei
1751 402 1774 433 ,
1868 379 1893 420 1
1990 362 2162 426 Tim.
2247 384 2305 430 2:
2391 394 2456 452 9.

313 440 594 510 Quinam
660 461 697 500 a
744 441 998 513 ludaeis
1047 445 1130 503 ad
1176 445 1334 505 Mes·
1376 439 1544 500 Puer
1590 462 1708 520 pro
1755 464 1991 523 servu,
2042 450 2274 525 Matth.
2299 457 2359 516 8:
2392 459 2452 517 6.
2508 468 2513 479 ³

310 526 470 582 siam
512 524 1005 605 referebantur,
1053 528 1196 588 Act.
1241 535 1335 594 13:
1376 525 1568 584 Pueri
1605 545 1641 583 a
1667 525 1994 607 Magistris
2020 534 2306 597 vicissim
2344 540 2453 600 in-

251 666 256 671 ,
307 611 390 669 33
411 652 430 683 ,
463 607 663 670 Hebr.
694 628 744 668 1:
775 609 811 666 6
834 654 857 686 ,
884 629 941 671 2:
970 611 1034 671 6.
1098 612 1337 675 Sensus
1416 611 1915 690 terrogabantur
1936 618 2112 694 ‚apud
2137 619 2446 701 Iudaeos,

301 694 616 771 mysticus
643 692 887 761 Psalmi
913 697 1183 756 secundi
1205 719 1334 760 non
1418 694 1576 753 Luc.
1621 714 1676 754 υτ
1716 709 1822 774 47.
1909 697 2199 764 Tabulae
2259 728 2445 770 rasae
2558 712 2562 721 '

301 778 663 853 Davidem,
710 777 1198 852 sed’Christum
1233 805 1332 844 re·
1416 789 1908 858 comparantur,
1958 784 2157 846 Marc.
2211 807 2303 852 10:
2346 799 2448 854 15.

298 862 499 941 spicit
521 900 552 935 ,·
589 860 788 922 Hebr.
833 881 885 922 1:
931 867 994 925 5.
1051 865 1333 936 Quinam
1414 861 1661 922 Natura
1708 864 1785 923 ab
1826 867 2076 937 ambitu
2113 883 2263 932 sunt
2288 877 2448 938 alie·

303 948 374 1004 in
418 946 770 1006 vindemiis
814 949 1096 1023 cantati,
1136 950 1333 1015 Hebr.
1413 948 1524 1020 ni,
1590 956 1657 1006 et
1707 949 1870 1008 tales
1917 972 2064 1013 suos
2116 975 2253 1018 esse
2301 963 2449 1021 vult

299 1051 359 1092 2:
401 1032 463 1090 6.
553 1030 952 1091 Psalmorum
994 1054 1129 1093 non
1169 1057 1329 1096 unus
1412 1029 1743 1105 Christus,
1775 1034 2006 1096 Matth.
2033 1041 2212 1115 1824,
2242 1044 2443 1106 Marc.

293 1123 396 1176 est
437 1118 757 1195 scriptor,
786 1115 965 1191 ,ibid.
1040 1117 1328 1180 Psalmos
1408 1136 1467 1195 9:
1513 1119 1616 1194 37.
1705 1116 1897 1177 Pueri
1945 1122 2207 1200 quinam
2250 1129 2444 1201 *deli-

295 1197 739 1261 Hebr'aebrum
769 1219 948 1261 more
979 1201 1141 1261 citat
1166 1203 1327 1264 Gro-
1407 1200 1538 1259 cati
1576 1199 1959 1265 dicebantur
1990 1210 2159 1286 apud
2204 1210 2442 1273 Roma.

294 1285 468 1362 tius,
515 1283 745 1351 Matth.
791 1288 848 1345 3:
904 1303 1001 1364 17.
1401 1304 1568 1362 nos,
1616 1282 1801 1345 Rom.
1845 1308 1901 1349 2:
1949 1309 2003 1349 1.
2081 1291 2438 1359 Puerorum

247 1366 785 1430 Pseudo-Christi
850 1370 957 1449 qui
983 1414 1004 1445 ,
1094 1371 1325 1433 Matth.
1401 1378 1502 1428 est
1558 1378 1895 1433 ,ostentare
1964 1395 2031 1435 se
2099 1377 2170 1437 in
2238 1382 2436 1442 reb'ua

241 1518 246 1525 δ
289 1467 391 1523 24:
420 1457 483 1515 5.
523 1454 782 1525 ¹Iudaeis
816 1465 1137 1527 vocantur
1162 1456 1322 1517 Bar·
1399 1453 1782 1530 inutilibus,
1834 1476 1858 1515 1
1913 1458 2064 1521 Cor.
2107 1477 2201 1534 14:
2247 1484 2360 1531 20..

287 1536 874 1612 chochebae‚ibid.
920 1538 1149 1601 Trium
1174 1551 1322 1603 ante
1360 1538 1684 1617 Puerpera
1730 1560 1874 1600 cum
1908 1544 2272 1627 lustratur,
2319 1570 2436 1612 cur

287 1620 750 1702 Hierosolyma
850 1643 1081 1684 eversa
1182 1625 1318 1687 his·
1401 1621 1635 1683 offerre
1680 1622 1982 1686 iubeatur
2042 1629 2199 1705 duas
2245 1655 2438 1714 pecu..

285 1707 501 1782 toria,
583 1708 748 1767 ibid.
876 1707 1028 1768 Post
1092 1732 1320 1771 eversa
1399 1707 1509 1785 dea
1560 1716 1669 1767 aut
1715 1729 1867 1771 aves
1919 1710 1993 1770 in
2052 1712 2223 1797 Lege
2292 1712 2437 1783 Mo-

232 1869 237 1875 ,
286 1788 746 1871 Hierosolyma
809 1794 1106 1871 quinam,
1159 1797 1320 1856 ibid.
1397 1793 1527 1868 sis,
1580 1793 1737 1855 Luc..
1785 1814 1842 1855 2:
1885 1792 1985 1859 22'.
2071 1798 2434 1882 Puerperae

284 1875 570 1937 Pseudo·
598 1875 840 1937 Christi
906 1889 971 1937 et
1040 1879 1316 1955 Pseudo·
1398 1897 1435 1935 a
1479 1886 1785 1948 contactu
1826 1877 2160 1957 hominum
2210 1905 2324 1947 eur
2366 1895 2432 1949 et

287 1960 649 2039 Prophetae
694 1961 1065 2039 distinctio,
1113 1964 1277 2024 ibid.
1395 1961 1695 2040 quamdiu
1718 1962 2170 2028 abstinendum
2194 1969 2428 2045 fuerit,

240 2043 851 2125 Pseudo-Propheta
919 2070 1033 2127 pro
1100 2051 1314 2109 multi·
1393 2045 1554 2115 ibid.
1608 2045 2079 2126 Puerperarum
2124 2065 2430 2117 contactu

156 2176 166 2184 .
281 2131 510 2191 tudine
533 2131 1314 2211 Pseudo-Prophetarum,
1392 2129 1691 2215 homiues
1759 2130 2120 2215 imparati,
2192 2139 2428 2201 Matth.

282 2216 487 2294 Apoc.
538 2218 630 2279 16:
684 2220 789 2293 13,
834 2236 925 2297 19:
960 2236 1056 2292 29.
1119 2219 1318 2281 Pseu·
1393 2218 1452 2275 8:
1502 2234 1608 2277 22.

282 2300 763 2380 do-Prophetae
787 2344 806 2376 ,
851 2320 889 2360 2
937 2300 1110 2361 Petr.
1153 2323 1210 2365 2:
1262 2325 1315 2366 1.
1348 2299 1649 2361 Pulveris
1669 2301 1965 2381 excussio
1986 2304 2427 2387 testimonium

275 2384 356 2447 Iu
427 2385 654 2445 Veteri
725 2393 788 2445 et
847 2384 1034 2446 Novo
1087 2387 1307 2448 Testa-
1387 2394 1529 2444 erat
1608 2389 1960 2466 contempti
2033 2388 2424 2474 Euangelii,

242 2479 498 2537 ‚mento
530 2469 775 2530 duobus
811 2470 1013 2552 signis
1052 2471 1314 2554 dignos·-
1391 2468 1620 2529 Matth.
1672 2489 1766 2532 10:
1822 2464 1947 2548 14,
1982 2474 2195 2534 Marc.
2224 2480 2283 2552 63
2328 2497 2429 2539 11.

280 2565 551 2629 cuntur,
609 2577 630 2614 1
668 2555 805 2631 loh-
835 2571 894 2627 4:
935 2576 986 2616 1.
1030 2558 1309 2619 Pseudo·
1388 2556 1728 2617 Pulverem
1757 2556 2033 2637 lingere,
2055 2558 2302 2624 Phil.3:
2326 2583 2426 2644 19.

275 2639 743 2721 Prophetarum
802 2643 1141 2721 multiplex
1203 2666 1311 2723 ge·-
1384 2640 1727 2701 Pulverem
1771 2662 1963 2723 super
2008 2655 2205 2725 caput
2240 2669 2427 2729 spar-

276 2746 435 2800 una,
478 2725 704 2786 Matth.
731 2741 831 2796 24:
869 2746 889 2784 1
912 2746 962 2785 1.
1007 2728 1304 2790 ‘Pseudo-
1383 2727 1593 2804 gendo
1621 2747 1979 2787 moerorem
2009 2731 2425 2796 testabantur

273 2808 632 2887 Prophetas
699 2810 900 2870 fuisse
950 2810 1108 2871 duos
1157 2814 1306 2872 illos
1384 2811 1690 2890 Aegyptii
1732 2821 1795 2872 et
1845 2811 2045 2892 Syri,
2088 2815 2291 2893 Apoc.
2322 2820 2418 2878 18:

268 2896 740 2976 quinquaginta
800 2895 1069 2953 militum
1123 2917 1309 2974 prae-
1391 2898 1486 2952 18.
1572 2893 1672 2955 Ex
1720 2889 2073 2976 pulverea
2117 2900 2258 2960 Deo
2301 2922 2425 2960 ex-

268 2979 471 3040 sectos
540 2982 618 3038 ab
682 2979 831 3038 Elia
874 2979 1124 3040 occisos
1174 3002 1304 3041 non
1379 2978 1571 3038 citari
1624 2977 1985 3064 Proceres,
2036 2982 2269 3044 Matth.
2320 2988 2415 3048 13:

270 3073 367 3124 est
409 3064 800 3124 incredibile
829 3109 848 3142 ,
903 3063 1059 3123 Luc.
1102 3085 1160 3141 9:
1200 3068 1306 3135 54.
1378 3064 1484 3140 57.

230 3147 720 3226 Publicaniquo
747 3149 893 3207 loco
929 3137 1139 3207 ha’biti
1163 3149 1297 3209 fue·
1337 3143 1660 3205 Puniendi
1716 3153 2002 3225 potestas
2052 3150 2419 3227 periculosa

269 3234 406 3293 rint
472 3235 638 3313 apud
701 3234 972 3294 Iudaeos
1035 3242 1098 3292 et
1144 3254 1257 3293 cur
1285 3279 1300 3308 ,
1367 3228 1651 3288 alicuius
1691 3230 1918 3309 culpae
1945 3232 2069 3291 sibi
2096 3235 2415 3313 consciis,

267 3317 501 3381 Matth.
541 3322 601 3381 5:
648 3318 754 3388 46.
845 3317 1037 3378 Vitae
1094 3318 1301 3397 impu-
1376 3313 1520 3375 Ioh.
1566 3316 1626 3374 82
1656 3334 1714 3391 7.
1782 3315 1986 3376 Penes
2023 3338 2183 3398 quos
2215 3316 2416 3379 fuerit

261 3403 458 3463 rioris
542 3402 837 3464 homines
913 3401 1148 3463 crediti
1223 3404 1299 3462 ab
1375 3400 1447 3459 in
1519 3398 1688 3480 Lege
1752 3400 1946 3461 Mosis
1974 3446 1992 3476 ,
2084 3411 2150 3461 et
2204 3403 2412 3485 'penes

267 3481 581 3548 Hebraeis
606 3533 624 3562 ‚
674 3487 832 3548 Luc.
868 3509 927 3567 7:
964 3506 1060 3567 19.
1090 3487 1299 3568 'Rapi-
1372 3505 1530 3564 quos
1567 3486 1653 3544 sit
1688 3485 1760 3545 in'
1795 3483 2192 3569 Euangelio,
2221 3488 2406 3548 Rom.

263 3591 495 3631 narum
538 3583 604 3632 et
644 3572 1056 3632 exactionum
1092 3575 1293 3632 nomi·
1383 3588 1475 3631 12:
1535 3588 1631 3649 19.
1704 3617 1712 3625 .
2166 3629 2173 3636 ,
2312 3573 2357 3648 ’..

263 3676 348 3715 ne
375 3657 570 3737 vulgo
595 3656 903 3732 infames,
937 3657 1096 3717 Luc.
1122 3662 1179 3720 3:
1206 3663 1299 3721 13.
1332 3653 1699 3735 Purgautur
1742 3674 1782 3712 a
1825 3654 2208 3716 criminibus
2231 3698 2251 3729 ,
2299 3656 2410 3734 qui

266 3739 455 3798 Stare
502 3741 803 3800 solebant
843 3742 912 3801 in
951 3743 1116 3801 atrio
1142 3764 1295 3823 gen·
1372 3759 1408 3796 a
1459 3738 1775 3817 peccandi
1815 3738 2287 3802 consuetudine
2328 3738 2414 3799 1ὶὲ-

163 3873 164 3876 ¹
260 3824 475 3883 tilium
507 3869 523 3899 ,
576 3824 733 3884 Luc.
786 3829 877 3887 18:
917 3846 1010 3885 11.
1080 3826 1295 3887 Publi·
1372 3824 1929 3906 bervum-,Aen
1982 3828 2076 3885 13:
2128 3828 2229 3904 39.

264 3911 450 3968 canis
479 3908 880 3988 publicorum
907 3913 1294 3989 redemptio·
1334 3908 1639 3987 Purgatio
1685 3908 1933 3987 species
1962 3908 2362 3972 defensionis
2387 3956 2407 3986 ,

173 4057 176 4062 ,
260 4014 345 4054 ne
391 4014 526 4053 non
563 3994 908 4054 interdixit
947 3995 1295 4073 Iohannes,
1369 3992 1482 4051 ubi
1522 3991 1695 4051 sacto
1735 4012 2042 4056 concesso
2081 3993 2264 4074 culpa
2312 4016 2408 4052 re-

267 4078 422 4137 Euc.
470 4082 528 4141 5:
581 4082 678 4140 13.
731 4121 734 4126 ,
1371 4087 1708 4150 movetur,
1760 4078 1903 4136 Act.
1952 4097 2050 4140 22:
2109 4071 2187 4138 1.
2250 4078 2412 4139 Pur·
2502 4123 2505 4126 η

218 4162 436 4223 Pudor
503 4163 682 4243 sequi
748 4162 917 4223 solet
974 4183 1126 4239 eos,
1188 4165 1294 4244 qui
1372 4161 1654 4244 gationis
1705 4159 2136 4242 Euangelicae
2179 4172 2243 4221 et
2288 4163 2411 4236 Le-

259 4249 586 4309 mendacii
656 4249 1145 4309 convincuntur
1172 4293 1190 4323 ,
1261 4269 1298 4311 2
1372 4247 1533 4330 galis
1562 4249 1984 4327 comparatio,
2018 4245 2286 4326 Hebr.9:
2316 4262 2410 4319 14.

260 4330 412 4390 Cor.
455 4353 515 4409 7:
569 4347 668 4405 14.
753 4332 972 4394 Pudor
1038 4343 1104 4393 et
1160 4355 1292 4394 mo·
1328 4332 1710 4394 Purificatio
1756 4332 2106 4412 antiquitus
2152 4333 2411 4391 dic-eba-

161 4451 165 4460 ·
256 4415 463 4476 destia
496 4439 653 4480 vera
690 4429 1072 4479 ornamenta
1106 4440 1295 4479 sexus
1369 4427 1503 4560 tml·NI
1503 4416 1580 4475 de
1612 4415 2042 4498 Baptismate,
2071 4416 2417 4557 loli-5:135.
2467 4491 2478 4506 ⁸

1529 4515 1569 4571 4
2339 4522 2410 4559 u·
