2779 5085
141 1988 144 1989 ’
240 1975 526 2056 Spiritus
571 1975 908 2055 *malignus
968 1983 1067 2034 est
1124 1996 1311 2035 accu-

686 217 1073 282 nssnum
1159 238 1241 279 m
1344 175 2004 282 vaasounu.
2313 249 2440 314 ῃ,

255 404 260 413 ·
299 377 467 436 ibid.
567 362 845 456 spiritus
883 378 1150 458 'aqueus
1216 399 1334 457 pro
1366 372 1620 451 Sponso
1688 373 1984 459 Christus
2039 388 2215 443 recte
2257 401 2453 447 com-³

306 461 550 541 Spiritu
579 462 1001 537 emundante,
1029 462 1171 523 Ioh.
1193 467 1249 523 3:
1272 466 1334 523 5.
1407 467 1670 536 paratur
1694 503 1714 534 ‚
1760 459 1903 519 Ioh.
1948 465 2006 524 5:
2056 483 2157 543 29.
2192 460 2195 463 ’

303 547 585 625 Spiritus
632 547 859 631 igneus
914 568 1035 629 pro
1085 546 1331 628 Spiritu
1365 541 1754 621 sponsorem
1793 545 1948 605 dare
1979 549 2191 610 solent
2220 553 2432 617 minua

287 631 575 705 efficaci,
614 629 821 689 ibid.¹
1404 626 1543 684 noti
1571 626 1946 705 „Hebr.‚7:
1991 651 2095 693 22.

205 761 222 767 3
254 715 538 794 Spiritus
587 711 873 772 hominis
922 733 957 771 a
1007 715 1150 775 Deo¹
1190 723 1327 791 est,
1362 709 1637 790 Sporta,
1682 733 1717 771 a
1762 722 2024 792 sparto,
2070 702 2300 799 Aen&
2332 725 2431 782 25.

298 800 380 858 ad
428 800 631 856 Deum
672 798 888 874 redit,
938 797 1113 878 Phil.
1146 819 1195 860 13
1225 804 1328 861 23.
1359 792 1671 873 Spumare
1711 796 2062 869 furentium
2100 812 2232 883 est,
2269 790 2433 866 Luc.

293 883 682 961 Inquinatur
707 903 822 962 per
859 884 1028 941 mala
1067 884 1324 965 dogma·
1400 899 1459 956 9:
1508 881 1607 957 39:
2216 916 2219 923 ι

291 977 363 1025 ta
399 976 464 1025 et
491 976 666 1027 actus
694 966 930 1039 malos,
959 987 997 1027 2
1023 968 1326 1047 Cor.7:1.
1357 962 1691 1021 Stabulum
1738 970 1835 1023 est
1869 965 1981 1024 ubi
2015 969 2430 1049 recipiuntur

292 1051 605 1129 Spiritum
646 1071 822 1109 suum
852 1050 939 1129 pii
975 1054 1321 1112 morientes
1396 1045 1677 1106 Viatores
1701 1091 1720 1122 ,
1769 1047 1930 1108 Luc.
1968 1069 2061 1112 103
2110 1057 2212 1125 34.
2279 1056 2430 1118 Sta-

291 1135 746 1194 commendant
767 1136 904 1194 Deo
919 1178 938 1210 ,
967 1135 1125 1196 Luc.¹
1142 1140 1200 1196 8:
1217 1141 1320 1196 55.
1394 1129 1546 1197 bula
1562 1130 1630 1190 in
1653 1132 1973 1210 speluncis
1996 1157 2182 1219 saepe
2200 1150 2420 1219 erant,

290 1220 597 1298 Spiritum
667 1220 924 1279 tradere
994 1220 1131 1279 Deo
1186 1225 1318 1279 'cur
1394 1212 1550 1272 Luc·
1597 1233 1656 1274 2:
1703 1234 1764 1295 7·

287 1304 544 1363 dicatur
598 1303 707 1382 qui
779 1304 1098 1380 moritur,
1176 1304 1317 1364 Ioh.
1350 1296 1684 1374 Stadium,
1734 1300 1842 1359 ubi
1889 1300 2087 1362 Pilati
2128 1306 2424 1369 tribunal

295 1406 389 1467 19:
437 1391 535 1448 30.
605 1387 886 1466 Spiritus
929 1388 1315 1467 Sanctorum
1385 1381 1556 1457 suit,
1636 1393 1780 1441 erat
1846 1386 2027 1444 locus
2090 1388 2419 1471 lapidibus

289 1472 696 1552 deponuntur
737 1473 808 1531 iu
850 1493 1044 1532 manu
1092 1471 1315 1532 Chris—
1392 1476 1758 1526 constratus
1784 1510 1805 1542 ‚
1874 1471 2107 1531 Matth.
2168 1495 2268 1554 27:
2319 1496 2424 1557 27.

286 1558 380 1630 ti,
439 1556 545 1635 qui
591 1546 699 1616 'eos
760 1566 980 1616 servat
1027 1557 1109 1616 ad
1156 1566 1313 1616 tem-
1391 1548 1681 1608 Stadium
1742 1571 1858 1629 pro
1924 1574 2224 1620 mensura
2272 1581 2426 1622 cur-

285 1639 1316 1721 pusresurrectionis‚loh.10:28.
1389 1652 1536 1709 811⁸,
1601 1634 1805 1714 Apoc.
1851 1655 1950 1698 213
2006 1639 2102 1699 16.
2205 1642 2420 1704 Stadii

288 1723 642 1804 spirituum
679 1744 716 1780 a
750 1744 1017 1803 corpore
1054 1745 1310 1803 separa·
1388 1737 1691 1777 mensura
1717 1764 1739 1796 ‚
1776 1722 1925 1779 Act·
1963 1739 2017 1783 1:
2053 1742 2148 1783 12.
2193 1724 2421 1788 Stadia

282 1816 499 1868 torum
538 1805 1084 1871 etdefunctorum
1112 1816 1313 1868 status
1386 1801 1752 1879 quindecim
1817 1814 2007 1864 erant
2065 1806 2194 1867 iter
2256 1809 2421 1872 Sab-

282 1894 556 1970 optimus
596 1890 1026 1970 quis„Hebr.
1079 1911 1173 1953 123
1220 1896 1315 1954 13.
1386 1884 1565 1960 bati,
1624 1885 1766 1947 Ioh·
1817 1891 2056 1961 113,18.
2145 1891 2422 1971 Septua-

1387 1969 1570 2048 ginta
1610 1981 1876 2048 possunt
1911 1975 2142 2033 confici
2171 1978 2414 2038 duabus

1386 2061 1453 2111 et
1491 2054 1660 2134 quod
1702 2058 1993 2117 excurrit
2032 2057 2232 2137 horis,
2258 2062 2420 2123 Luc.

1384 2151 1486 2208 24:
1518 2142 1637 2199 13.
1723 2139 1906 2199 Mille
1954 2145 2204 2220 stadia,
2267 2167 2420 2208 cur-

1383 2241 1488 2279 sus
1534 2222 1724 2282 navis
1770 2244 1884 2304 per
1934 2226 2098 2287 diem
2147 2238 2213 2289 et
2254 2251 2420 2315 npe-

1383 2311 1559 2382 tem,
1605 2305 1747 2368 1011.
1792 2308 1851 2369 63
1907 2329 2003 2389 19.

285 2070 497 2133 sator,
545 2056 684 2118 Ioh.
730 2058 961 2120 15316.
1040 2060 1311 2139 Spiritui

276 2145 530 2224 impuro
611 2163 732 2222 pro
821 2152 1146 2204 tormento
1215 2154 1314 2204 est

280 2229 531 2308 quoties
557 2298 562 2305 ι
589 2226 1049 2287 malefaciendi
1097 2237 1310 2307 potes-

279 2322 379 2370 tas
406 2311 527 2389 ipsi
556 2310 883 2385 adimitur,
917 2313 1122 2376 Marc.
1142 2327 1307 2383 1324.

280 2397 555 2476 Spiritus
588 2395 823 2474 impuri
857 2416 938 2455 ex
971 2417 1300 2478 argumen-
1341 2386 1530 2449 Stare
1598 2413 1718 2472 pro
1787 2393 2158 2456 ministrare
2185 2441 2203 2472 ,
2272 2397 2416 2459 Ioh.

272 2478 359 2540 tis
424 2481 642 2539 multis
708 2479 1038 2560 ‘Ophi-istum,
1102 2502 1298 2541 nove·
1381 2477 1437 2535 3:
1490 2495 1589 2555 29.
1658 2475 1783 2536 Pro
1824 2482 2151 2539 constanti
2194 2485 2409 2544 animo

275 2575 473 2641 rant,
547 2566 750 2625 Marc.
813 2586 866 2626 13
937 2579 1037 2636 24.
1157 2565 1302 2626 Non
1376 2580 1560 2635 8⁸88»
1608 2562 1971 2643 A0125119·
2026 2564 2153 2625 Pro
2188 2588 2415 2648 mper-

235 2652 417 2710 -sine
480 2649 761 2709 clamore
808 2651 986 2709 exire
1046 2650 1299 2725 solent,
1375 2663 1515 2704 esse
1579 2646 1813 2718 malfia,
1912 2650 2116 2727 Apoc.
2184 2653 2242 2712 6:
2315 2670 2413 2727 17.

275 2737 420 2795 Act.
483 2738 541 2795 8:
611 2755 671 2813 7.
755 2733 1046 2812 Violenti
1106 2744 1298 2809 sunt,
1376 2728 1564 2818 Stare
1610 2732 1720 2789 vel
1761 2729 1970 2791 Statio
2009 2735 2164 2811 quid
2205 2736 2414 2816 signi..

273 2821 446 2879 Deus
497 2829 701 2877 autem
750 2818 1053 2898 pacificus
1099 2827 1164 2876 et
1210 2819 1293 2877 le·
1374 2814 1526 2871 ficet
1584 2815 1752 2891 apud
1802 2815 2067 2876 Veteres
2097 2863 2116 2892 ,
2179 2818 2413 2879 Matth.

273 2905 421 2979 nis,
479 2922 503 2962 1
560 2903 711 2961 Cor.
767 2914 859 2972 143
905 2905 1008 2964 33.
1097 2901 1296 2981 Spiri-
1373 2896 1434 2954 63
1483 2899 1545 2956 5.
1633 2898 1822 2956 Stare
1867 2921 2083 2959 coram
2149 2905 2408 2982 aliquo,

272 2997 450 3048 tuum
516 2987 830 3046 malorum
900 2984 1115 3043 omnia
1161 3005 1300 3043 esse
1372 2979 1531 3054 quid
1555 2978 2408 3063 sitHebraeis,Ap00.m4.
2484 3059 2489 3064 A

267 3074 464 3153 plena
538 3091 575 3129 a
663 3080 841 3129 terra
931 3089 1125 3146 usque
1219 3069 1300 3128 ad
1374 3062 1563 3122 Stare
1633 3070 1742 3121 aut
1828 3063 2076 3125 Cadere
2167 3069 2405 3144 causti,

225 3217 232 3226 ,
272 3158 517 3215 coelum
590 3155 962 3223 astriferum
1012 3154 1302 3211 sentiunt
1372 3147 1632 3223 quinam
1663 3147 1987 3223 dicantur,
2019 3149 2199 3208 Rom.
2234 3166 2407 3220 1434.

273 3240 597 3313 Hebraei,
663 3238 827 3318 Eph.
871 3239 930 3299 63
988 3256 1082 3296 12.
1370 3232 1560 3291 Stare
1608 3230 1735 3290 fide
1791 3232 1946 3311 quid
1992 3234 2117 3309 sit,
2163 3253 2201 3294 2
2251 3234 2409 3296 Cor.
2449 3223 2463 3242 ’

229 3324 584 3403 Spirituum
635 3333 865 3396 notas,
911 3319 1119 3400 asperi
1172 3321 1299 3380 sci·
1377 3337 1431 3376 1:
1482 3329 1581 3386 24.
1668 3314 1855 3376 Stare
1921 3317 2162 3376 dicitur
2208 3319 2318 3397 qui
2367 3340 2406 3378 a

265 3409 421 3468 lice't
462 3418 526 3467 et
562 3408 726 3467 lenis
751 3452 768 3481 ,
805 3416 1061 3468 veteres
1101 3405 1296 3466 Grae·
1373 3399 1699 3481 peccando
1727 3400 2042 3475 abstinet,
2070 3402 2326 3466 Rom.5:
2348 3423 2406 3464 2.

267 3495 325 3552 ci
388 3493 645 3552 codices
706 3514 839 3552 non
884 3491 1296 3565 habuerunt,
1372 3486 1557 3545 Stare
1606 3505 1821 3545 secum
1864 3508 1983 3566 pro
2019 3488 2219 3547 tacite
2258 3508 2410 3546 ora-

268 3599 305 3639 2
350 3578 579 3636 Thess.
628 3596 683 3637 2:
728 3590 790 3647 4.
1367 3590 1482 3642 re,
1531 3567 1685 3628 Luc.
1734 3572 1827 3630 18:
1886 3589 1981 3629 11.
2072 3572 2260 3631 Stare
2305 3571 2407 3630 di·-

169 3711 172 3714 .
227 3662 514 3741 Sponsae
562 3682 596 3719 a
639 3660 1030 3739 sponsalium
1078 3658 1179 3718 die
1226 3658 1294 3716 in
1372 3653 1540 3712 citur
1583 3654 1694 3734 qui
1739 3654 1942 3734 iudici
1995 3655 2096 3714 sui
2154 3656 2402 3734 copiam

171 3758 177 3762 ’
266 3745 487 3823 sponsi
537 3742 790 3804 d'omum
852 3743 1163 3803 transitus
1214 3762 1296 3802 an
1366 3738 1565 3812 facit,
1615 3756 1652 3796 2
1697 3737 1849 3797 Cor.
1888 3751 1949 3809 43
1995 3752 2088 3809 14.
2181 3738 2403 3820 Longe

262 3837 609 3910 perpetuus
638 3874 657 3905 ,
729 3827 894 3888 ibid.
1003 3828 1295 3907 Sponsae
1369 3832 1541 3882 stare
1588 3822 1800 3900 solent
1841 3823 1947 3901 qui
1983 3822 2247 3903 agnosci
2283 3827 2407 3883 no*-

263 3921 607 3991 corruptae
658 3931 910 3990 poena,
973 3910 1296 3991 lapidatio
1367 3906 1513 3965 lunt
1554 3925 1674 3984 pro
1717 3905 1938 3966 amicis
1981 3910 2400 3983 miserorum,

261 3991 348 4058 e'x
394 3999 580 4077 lege,
645 3994 793 4057 1011.
829 3999 889 4057 83
937 3998 1000 4055 6.
1091 3996 1295 4075 Spon-
1370 3990 1572 4070 Apoc.
1644 3992 1739 4051 18:
1794 4003 1892 4050 10.
2001 3992 2190 4051 Stare
2236 3991 2408 4051 mul-

263 4103 372 4142 sae
442 4082 608 4141 viris
673 4090 863 4140 erant
903 4079 1295 4139 interdictae
1367 4084 1500 4135 tum
1590 4074 1891 4135 solebant
1973 4071 2242 4138 iuvenes
2331 4077 2405 4138 in

262 4167 431 4246 apud
527 4164 853 4225 Hebraeos
944 4184 1142 4243 usque
1215 4165 1297 4223 ad
1370 4159 1721 4236 Ecclesiis,
1766 4160 1900 4219 lac.
1945 4178 2001 4221 23
2051 4164 2111 4222 3.
2404 4221 2411 4228 ,

259 4241 630 4331 nuptiarum
648 4247 1171 4326 diem,Matth.1³:
1198 4251 1294 4323 18,
1330 4245 1690 4306 stationum
1737 4244 2020 4305 desertio
2059 4243 2300 4304 acriter
2338 4266 2411 4304 a-

159 4387 164 4388 .
209 4401 210 4404 Ἴ
268 4335 427 4394 Luc.
473 4355 528 4397 23
577 4340 639 4397 5.
732 4334 818 4393 Ut
864 4344 929 4395 et
976 4331 1298 4395 christia·
1370 4330 1500 4408 pud
1571 4328 1892 4390 Romanos
1963 4328 2356 4413 puniebatur
2385 4372 2411 4403 ,⁷

256 4420 363 4479 nis
393 4466 411 4497 ,
461 4422 693 4482 Matth.
743 4424 839 4481 25:
896 4440 950 4480 ι.
1372 4410 1607 4478 Matth·
1651 4417 1750 4477 28:
1809 4427 1906 4485 14·
2099 4474 2104 4479 .

601 4521 606 4526 “
1444 4498 1489 4558 Ρ
1518 4501 1556 4559 3
2235 4495 2410 4554 Stel-
