2779 5085
624 186 1011 260 annum
1102 221 1204 265 n
1294 189 1938 264 VERBO'RUM.

2298 223 2384 287 79-

234 364 355 424 15:
374 344 469 424 ’9,
530 358 891 420 sacrificii,
934 359 1288 420 imm-dice·
1325 352 1604 415 Earinus
1670 358 1937 419 libertus
2001 378 2120 420 cur
2177 363 2389 423 (lictus

228 448 424 508 bant
486 464 593 503 eos
614 464 639 518 ,¹
682 444 787 523 qui
839 444 1115 506 decretis
1162 445 1290 504 suis

231 540 392 592 non
440 529 740 601 stabant,
793 528 947 588 Luc.
990 529 1052 590 63
1100 549 1201 592 22.

1369 436 1671 517 Flavius,
1719 445 1862 523 Act.
1907 465 2003 524 273
2059 468 2115 510 1.

1329 523 1538 583 Ebion
1563 545 1708 584 -non
1747 532 2136 608 agnoscebat
2173 529 2402 590 Chris-

176 614 513 677 Drusilla
534 612 862 693 Agrippae
885 612 1077 694 Regis
1110 635 1294 674 soror
1368 618 1520 667 tum'
1573 611 1703 668 nisi
1774 635 1889 692 pro
1959 617 2132 675 nudo
2207 616 2399 696 Legis

241 709 314 761 et
360 696 595 758 Felicis
636 696 874 755 coniux
910 699 1119 778 qualis
1154 699 1291 757 fue·
1371 692 1694 754 Mosaicae
1735 692 2129 778 interprete,
2168 700 2401 764 Matth.

239 787 389 857 rit,
440 785 584 842 Act.
632 784 728 841 23:
779 794 897 855 24,
948 797 1046 854 24:
1098 795 1200 853 24.

192 867 561 948 Dryadum
603 864 863 924 nomine
896 868 1052 946 quid
1083 866 1296 927 Varro

243 952 635 1032 intelligat,
684 947 868 1008 Rom.
920 970 973 1011 1:
1021 955 1123 1012 25.

1376 793 1472 857 19:
1523 795 1643 853 21,
1691 793 1791 850 24:
1844 802 1958 855 11,
2011 784 2150 843 Ioll-
2197 804 2251 848 13
2302 801 2401 866 17.

1374 863 1505 921 Cur
1551 863 1735 922 Pauli
1779 866 2088 946 epistolas
2131 890 2262 928 non
2298 891 2405 931 re-

1374 946 1698 1026 cipiebat,
1747 948 1931 1008 Rom.
1977 972 2034 1030 7:
2083 964 2147 1023 4.
2242 952 2402 1015 Eius

199 1037 438 1099 Dubia
512 1034 817 1094 facienda
891 1055 1026 1095 non
1100 1045 1296 1111 sunt,
1371 1032 1441 1089 in
1473 1029 1798 1090 Christum
1826 1035 2219 1111 calumniae,
2253 1038 2407 1100 Luc.

254 1118 501 1184 Matth.
534 1121 594 1178 53
625 1131 732 1187 4ο.
802 1118 1153 1178 Dubiarum
1196 1141 1299 1180 re-

251 1225 406 1265 rum
449 1201 759 1261 iudicium
801 1201 1064 1263 Christo
1096 1203 1298 1264 relin-

256 1288 629 1368 quendum,
675 1286 811 1346 Iac.
852 1301 914 1358 43
968 1307 1060 1349 12.

1375 1119 1473 1175 23:
1502 1117 1603 1176 35.
1647 1108 1917 1178 Ebidnis
1944 1120 2207 1198 spiritus
2229 1121 2406 1183 inter

1374 1199 1648 1259 Iud-aeos
1671 1202 1879 1281 qualis
1901 1247 1920 1279 ,
1961 1203 2143 1263 Rom.
2175 1224 2271 1269 113
2307 1209 2407 1267 16.

1335 1282 1683 1344 Ebionitae
1767 1280 2093 1347 Cliristum
2165 1291 2408 1351 nudum

214 1372 542 1435 Dubitare
586 1370 664 1428 de
707 1372 1015 1447 occultis,
1071 1372 1299 1431 melius
1372 1369 1570 1427 fuisse
1649 1369 1975 1431 hominem
2054 1373 2405 1453 dicebant,

259 1477 454 1537 quam
517 1454 778 1535 litigare
844 1456 922 1515 de
981 1456 1299 1534 incertis,

267 1543 434 1602 Lae.
485 1539 581 1599 16:
630 1541 734 1599 25.

1375 1452 1516 1513 Ioh.
1537 1473 1590 1516 1:
1610 1454 1668 1511 6.
1713 1454 1828 1513 Usi
1855 1457 2163 1516 dicuntur
2188 1457 2410 1518 Euan-

1376 1538 1544 1618 gelio
1582 1537 1896 1598 Matthaei
1924 1543 2148 1599 mutilo
2174 1552 2238 1602 et
2263 1565 2413 1602 cor-

217 1623 564 1686 Dubitatio
596 1606 854 1703 precum
881 1624 1301 1706 impedimen·
1373 1630 1605 1701 raptu,
1655 1623 1886 1683 Matth.
1934 1626 2158 1704 praefi·
2210 1625 2409 1686 Ebio-

264 1706 450 1785 -tum,
494 1708 628 1768 lac.
683 1725 733 1768 13
782 1707 845 1766 6.

225 1792 678 1940 ἣῖξὶῒαιῐῗῐίἕω
728 1793 1171 1854 inconstantia
1196 1838 1216 1870 ,

1376 1707 1545 1764 nitas
1573 1708 1860 1786 duplices
1884 1710 2041 1768 facit
2067 1709 2405 1790 Origenes,

1375 1792 1927 1869 comprehendens
1996 1794 2408 1872 Nazaraeos,

1377 1875 1542 1932 ibid.

226 1964 443 2022 Duces
492 1978 611 2040 pro
651 1958 934 2020 militum
979 1968 1302 2040 tempora·
1338 1958 1639 2018 Ebrietas
1661 1960 1940 2018 omnium
1959 1961 2418 2022 vitiorumma·

270 2047 373 2191 rig
398 2047 607 2106 salute
630 2043 879 2104 soliciti
899 2053 1084 2123 sunt,
1109 2043 1305 2104 Hebr-

281 2149 307 2189 ι
365 2155 381 2190 3
434 2149 530 2207 17.

228 2216 381 2274 Duo
408 2211 765 2293 Prophetae
796 2201 914 2293 sno
936 2221 1122 2273 coetu
1149 2213 1307 2273 Pro·

271 2298 660 2381 phetarum‚
736 2299 938 2378 Apoc.
1013 2297 1107 2357 163
1187 2302 1306 2373 13,

282 2403 375 2463 19:
429 2401 533 2442 2ο.
1245 2392 1252 2401 '

228 2465 689 2528 Duodenarius
712 2484 1015 2526 numerus
1042 2486 1156 2525 cur
1182 2463 1310 2526 He-

1377 2052 1480 2102 ter
1525 2054 1588 2101 et
1632 2043 1896 2118 nutrix,
1947 2044 2114 2124 Eph.
2158 2050 2219 2106 5:
2273 2051 2373 2106 18.

1339 2127 1677 2187 Ecclesiae
1713 2147 1847 2186 vox
1879 2129 2033 2208 quid
2057 2129 2413 2210 significet,

1378 2211 1612 2273 Matth.
1640 2211 1737 2272 16:
1774 2215 1882 2287 18,
1925 2218 2150 2293 18317.
2194 2213 2410 2274 Etiam

1381 2296 1462 2356 de
1497 2305 1681 2356 coetu
1715 2296 2096 2359 Iudaeorum
2136 2298 2410 2376 dicitur,

1382 2381 1516 2440 lac.
1586 2402 1642 2442 2:
1712 2400 1774 2440 2.
1880 2381 2209 2443 Interdum
2293 2404 2413 2467 pro

1381 2466 1529 2525 loco
1595 2465 1905 2546 ponitur,
1969 2468 2115 2526 vAct.
2178 2480 2240 2538 4:
2315 2472 2415 2530 15.
2487 2466 2494 2477 ’

273 2554 491 2614 braeis
517 2569 734 2624 sacer,
766 2551 897 2611 lac.
927 2572 979 2615 1:
1016 2572 1041 2615 1
1062 2598 1085 2630 ,
1111 2552 1309 2632 Apoc.
1341 2549 1637 2610 Ecclesia
1701 2550 1946 2611 Christi
2005 2572 2118 2611 cur
2163 2553 2420 2613 intelli-

280 2658 339 2720 7:
402 2642 466 2702 5.
561 2634 977 2708 Duodenario
1043 2657 1308 2723 numero

275 2741 591 2803 quaenam
654 2721 725 2779 in
789 2720 1017 2782 Veteri
1084 2721 1310 2782 Testa-

278 2815 494 2867 mento
538 2804 965 2884 constabant,
1008 2804 1169 2865 ibid..

243 2892 527 2970 Duplum
591 2889 864 2950 reddere
924 2890 1193 2949 sumitur
1238 2890 1304 2947 iu

285 2976 513 3034 bonam
549 2982 614 3033 et
644 2974 718 3031 in
759 2975 990 3033 malam
1025 2982 1307 3055 partem,

274 3053 329 3120 Ἀ
344 3080 487 3140 poc.
537 3061 630 3118 183
679 3057 743 3122 6.

243 3145 418 3203 Dura
477 3142 765 3202 molliter
814 3140 1129 3203 efferendi
1175 3162 1310 3201 mos

278 3237 507 3304 vetus,
554 3226 787 3289 Matth.
829 3230 890 3288 83
939 3228 1001 3287 6.
1087 3249 1127 3262 ‘¹

244 3311 528 3372 Durities
577 3312 774 3371 animi
811 3310 966 3392 quid
1005 3311 1309 3390 vocetur',

292 3396 469 3457 Ro'm.
516 3416 572 3458 23
621 3396 687 3457 5.

248 3481 576 3564 Dynastae
613 3498 744 3540 vox
781 3479 1137 3559 generalis,
1173 3502 1312 3561 spe-

287 3565 513 3625 cialius
555 3561 921 3645 explicata,
962 3564 1186 3626 Act.8:
1213 3584 1315 3645 27.

252 3647 659 3733 Dyrracheni
721 3649 898 3707 cuius
962 3648 1125 3708 iuris
1170 3649 1316 3711 fue-

288 3736 454 3808 rint,
501 3733 648 3794 Act.
696 3733 793 3808 16:
844 3748 944 3795 12.

1378 2646 1597 2717 ,ςαῑιιτ
1629 2635 1826 2696 Iudae
1873 2645 1939 2696 et
1986 2638 2250 2697 Israelis
2296 2656 2421 2697 no-

1383 2720 1555 2783 mine
1584 2764 1607 2796 ,
1672 2719 1869 2780 Hebr.
1930 2725 1990 2783 83
2039 2726 2100 2782 8.
2190 2721 2417 2783 Electa

1383 2812 1482 2865 est
1541 2824 1576 2865 a
1638 2804 1816 2879 Deo,
1888 2826 1913 2869 1
1979 2809 2153 2868 Petr.
2196 2810 2257 2868 53
2314 2826 2415 2889 13.

1385 2890 1505 2950 Est
1542 2889 1812 2969 populus
1855 2889 2307 2966 Christianus,
2343 2900 2417 2953 ut

1383 2973 1540 3033 olim
1621 2974 1895 3052 populus
1976 2974 2367 3035 Israeliticus
2392 3020 2415 3051 ,

1382 3055 1619 3118 Matth.
1669 3058 1766 3117 16:
1820 3060 1918 3117 18.
2005 3058 2121 3118 Est
2181 3078 2413 3138 corpus

1385 3140 1725 3220 spirituale
1751 3183 1782 3213 ,.
1846 3157 1869 3203 1
1949 3141 2099 3212 Cor.
2159 3142 2219 3202 63
2289 3143 2365 3203 15
2389 3185 2419 3218 ,

1386 3223 1551 3306 Eph.
1604 3243 1665 3285 2:
1719 3228 1836 3300 15,
1882 3245 2004 3301 20,
2068 3242 2130 3299 43
2184 3246 2260 3309 3,
2315 3225 2416 3289 16.

1386 3310 1504 3388 Est
1537 3310 1911 3390 respublica
1946 3313 2254 3391 quaedam
2280 3333 2417 3374 non

1384 3397 1669 3470 locorum
1693 3440 1713 3472 ‚
1756 3398 1869 3457 sed
1903 3399 2109 3477 legum
2151 3399 2422 3458 conso'r-

1385 3480 1514 3561 tio,
1546 3479 1712 3561 Eph.
1738 3502 1793 3543 23
1827 3500 1924 3562 19.
1989 3482 2106 3542 Est
2139 3483 2250 3541 ubi
2284 3492 2417 3549 tres

1388 3573 1574 3640 sunt,
1599 3566 1755 3625 licet
1787 3567 1968 3626 Laici
1986 3612 2006 3642 ,
2028 3568 2211 3628 Rom.
2235 3566 2333 3626 163
2351 3579 2419 3642 4,

1393 3668 1431 3709 2
1466 3648 1698 3710 Thess.
1739 3669 1793 3715 1:
1839 3671 1866 3715 1
1894 3695 1912 3726 ,
1958 3650 2227 3709 Philem.
2256 3670 2284 3714 1
2309 3693 2330 3734 ,
2357 3669 2420 3712 2.

1393 3732 1580 3794 Nova
1610 3733 1961 3795 Ierusalem
1995 3734 2073 3793 de
2100 3733 2283 3794 coelo
2308 3755 2423 3794 cur

240 3818 635 3900 *Dysenteria
669 3819 987 3898 quomodo
1021 3825 1318 3880 vertatur
1394 3817 1689 3894 dicatur,
1730 3822 1930 3898 Apoc.
1968 3834 2168 3900 32’12.
2221 3820 2424 3880 ‘Tem-

210 3989 218 4002 .
282 3913 328 3965 ‘a
369 3904 605 3981 Celso,
655 3902 804 3964 Act.
846 3907 947 3965 283
995 3903 1057 3963 8.

740 4068 818 4138 Ε.

1378 3921 1547 3980 pore
1642 3904 2113 3983 persecutionis
2155 3927 2160 3936 ·
2202 3905 2422 3964 domus

1389 4005 1674 4070 quaeque
1721 3985 2020 4048 Ecclesia
2063 3996 2189 4063 est,
2237 3987 2422 4049 Rom.

1400 4069 1496 4132 16:
1524 4084 1585 4142 4.
1628 4070 1919 4134 Vocatur
1953 4074 2274 4134 exercitus
2311 4091 2424 4134 seu

1393 4141 1691 4239 δῧναμις,
1736 4158 1938 4235 Apoc.
1979 4179 2033 4256 3:
2072 4161 2134 4218 8.
2195 4157 2429 4219 Eccle-

257 4236 488 4300 Eadem
527 4234 830 4300 dicuntur
858 4260 1020 4319 quae
1051 4237 1317 4299 eandem
1396 4241 1490 4301 sia
1535 4263 1655 4323 per
1702 4239 2120 4325 Euangehum
2169 4242 2430 4323 colligi-

297 4322 370 4381 ob
442 4341 704 4384 causam
770 4325 1214 4400 sufferuntur,
1285 4344 1327 4385 2
1395 4324 1899 4408 ωηΕρὶιεςὲδ.
1944 4327 2067 4387 Dei
2090 4336 2156 4388 et
2181 4326 2429 4388 Clu-isti

300 4406 442 4468 Cor.
495 4429 549 4471 1:
596 4409 656 4467 6.

1396 4411 1717 4504 beneficio
1747 4411 2061 4486 exstitit,
2113 4430 2152 4471 2
2200 4409 2429 4469 Thess.

2281 4512 2330 4551 1:
2371 4511 2427 4557 1.
