2779 5085
405 222 491 299 64
1236 208 1758 276 INDEX

400 373 629 456 apud
648 372 1018 449 Hebraeos,
1064 371 1224 432 Luc.
1252 372 1312 431 63
1344 392 1456 448 22,
1535 372 1702 452 apud
1743 392 1962 433 omnes
1979 379 2268 453 gentes,
2316 387 2344 434 1
2384 370 2568 437 Tim,

445 467 674 523 153.2

780 460 1037 519 Delicta
1121 466 1454 534 parentum
1538 472 1591 516 1:
1647 459 1747 517 18.

433 546 628 607 etiam
691 541 1095 622 suppliciter
1112 560 1455 620 agnoscere
1492 541 1879 620 Deprecatio
1907 539 2165 600 humilis
2191 541 2331 600 Deo
2357 544 2559 622 magis

400 626 822 710 praecipitur
857 625 1199 699 Hebraeis,
1234 624 1457 693 Matth.
1529 626 1744 722 placet
1777 646 1964 705 quam
2000 634 2278 691 externa
2312 627 2561 685 sancti·-

392 711 1165 797 27325.Ῑ)ε1113101·ι1111
1182 700 1307 769 t‘ria
1348 731 1454 790 ge
1528 713 1746 770 monia
1808 730 1950 769 cnm
2011 710 2404 771 confidentia
2449 731 2562 770 su-

394 817 632 894 fluoris,
692 794 1084 866 infortrnia,
1144 804 1453 874 peccata,
1533 795 1766 872 perba,
1818 795 1974 853 Luc.
2025 799 2120 856 18.
2175 808 2272 865 14.

392 880 753 957 iniuriae,
796 879 955 943 Luc.
998 881 1096 938 233
1148 880 1250 946 54.

1403 924 1408 931 .
1491 878 1957 956 Deprecatores
1998 879 2154 959 quid
2191 880 2406 938 facere
2449 898 2562 939 so-

387 963 735 1043 Delirandi
761 981 897 1029 vox
916 961 1021 1031 cui
1039 959 1135 1020 rei
1156 950 1454 1042 propria,
1528 963 1760 1038 leant,
1792 962 1949 1022 Luc.
1989 983 2093 1045 233
2124 976 2241 1046 34,
2288 961 2563 1023 Philem.

326 1090 333 1095 ·
430 1049 587 1108 Luc
631 1067 688 1125 93
737 1046 840 1106 62.

389 1134 624 1204 Dema·
651 1131 835 1209 quale
859 1150 1126 1206 nqmen,
1153 1136 1219 1190 et
1241 1125 1451 1201 cuias,
1488 1128 1941 1208 Deputationis
2001 1131 2304 1191 arborum
2358 1149 2560 1206 usus,
2665 1198 2694 1203 .‚

432 1217 571 1276 col.
613 1228 673 1284 43
728 1228 843 1287 14,
896 1235 932 1274 2
979 1215 1145 1274 Tim.
1186 1229 1246 1284 43
1300 1230 1398 1272 ιο.

1536 1064 1719 1121 1,2.

1529 1212 1671 1281 Ioh.
1723 1216 1819 1274 15:
1870 1233 1929 1273 2.

385 1299 752 1367 Demetrius
817 1298 952 1357 Rex
1011 1300 1111 1359 ius
1167 1295 1453 1377 confugii
1487 1299 1901 1363 Descendere
1945 1298 2286 1374 dicuntur,
2325 1298 2436 1378 qui
2474 1297 2557 1358 ab

386 1384 751 1449 concessit
776 1383 1047 1461 Templo
1078 1381 1452 1460 Hierosoly·
1531 1381 2002 1460 Hierosolymis
2077 1403 2254 1443 mare
2326 1403 2560 1445 versus

386 1456 715 1540 mitano,
763 1466 1116 1536 Mammam
1154 1472 1251 1529 15.
1298 1465 1453 1525 Eius
1527 1476 1723 1541 eunt,
1773 1468 1918 1526 Act.
1967 1482 2063 1538 24.
2115 1484 2188 1541 1,
2240 1469 2337 1526 25·
2383 1471 2445 1526 5.
2501 1467 2558 1529 E

396 1553 798 1628 insolentia,
818 1572 953 1609 cum
972 1552 1115 1609 Diis
1134 1573 1202 1611 se
1224 1571 1453 1628 aequa-

384 1647 564 1713 ,ret,
612 1636 878 1696 coelitus
916 1645 1178 1710 rimata,
1222 1633 1453 1695 Matlh.

763 1719 1081 1779 Demetrii
1123 1721 1291 1798 apud
1338 1719 1450 1778 Li-

513 1747 527 1781 :
626 1737 701 1789 1·

389 1723 620 1874 fitium?
638 1805 1041 1883 poeniten-,tia
1075 1825 1265 1883 quae,
1307 1804 1456 1863 Act.

431 1893 529 1951 253
584 1906 681 1953 ΙΙ.
732 1928 737 1933 -

383 1973 789 2041 Democritus
826 1948 1285 2032 interfectores
1324 1992 1452 2028 ma·

1531 1552 1715 1609 coelo
1760 1550 1997 1612 dicitur
2046 1551 2559 1629 Christus,quia

1530 1657 1566 1693 a
1588 1637 1726 1693 Deo
1752 1636 2169 1715 singulariter
2188 1636 2411 1693 missus
2432 1646 2558 1712 est,

1530 1718 1673 1779 loli.
1698 1719 1757 1779 63
1788 1724 1863 1800 38
1883 1764 1900 1793 ,
1930 1736 2035 1790 41.
2078 1721 2254 1779 Deus
2281 1719 2558 1796 dicitur,

1528 1804 1777 1881 quoties
1814 1805 2028 1884 magni
2071 1804 2316 1882 aliquid
2346 1803 2563 1871 dictu-

1530 1893 1660 1945 rus·
1691 1898 1789 1946 est
1837 1898 1947 1946 aut
1984 1888 2270 1946 facturus
2293 1932 2312 1962 ,
2355 1888 2559 1965 Apoc-

1539 1989 1741 2033 1031.
1805 1973 2215 2032 Descendere
2259 1973 2328 2030 in
2367 1973 2563 2052 abys-

425 2058 760 2122 leficorum
845 2058 1228 2125 innocentes
1308 2077 1454 2134 pro·
1531 2076 1708 2129 snm,
1758 2056 1918 2116 Luc.
1962 2060 2021 2116 83
2073 2076 2174 2136 31.

430 2144 725 2215 nuntiat,
777 2140 1002 2207 Matth.
1044 2145 1103 2201 5·
1148 2144 1250 2209 43.

386 2186 871 2285 Demonstratio
906 2220 1183 2299 Spiritus
1222 2232 1285 2281 et
1318 2222 1450 2280 vir·

1491 2140 1996 2209 Desciscentinm
2063 2161 2099 2197 a
2157 2138 2422 2198 Divinis
2463 2141 2560 2200 le-

1531 2223 1713 2302 gibus
1742 2223 2133 2301 descriptio,
2165 2223 2346 2282 Rom.
2375 2245 2428 2287 13
2457 2245 2559 2305 31.

382 2358 399 2369 .
425 2311 581 2367 tntis
601 2351 618 2380 ,
643 2328 804 2384 quae
824 2316 966 2369 ,erat
994 2307 1059 2367 in
1094 2307 1451 2383 Apostolis,
1491 2309 1824 2365 Desertum
1874 2318 2239 2384 comparate
2285 2328 2400 2386 pro
2443 2330 2563 2388 op-

379 2448 392 2460 ,
425 2393 722 2455 omnibus
794 2391 1454 2453 demonstrationibus

382 2483 747 2555 ‚praestat,
802 2492 828 2535 1
885 2474 1137 2537 Cor-,m
1187 2488 1251 2545 4.

379 2563 709 2622 Denarius
746 2560 1043 2620 diurnum
1083 2569 1177 2619 est
1213 2561 1452 2637 stipen-

426 2646 599 2704 dium
625 2690 642 2719 ,
691 2642 920 2708 Matth.
946 2661 1070 2708 ,203
1120 2663 1199 2720 2,
1250 2647 1453 2722 Apoc.

386 2730 486 2789 .63
536 2730 600 2788 6.
667 2728 787 2788 Est
831 2748 1123 2787 nummus
1168 2749 1291 2806 quo
1334 2730 1444 2786 tri

385 2855 395 2870 .
423 2814 579 2872 buta
610 2814 780 2872 solvi
816 2814 1149 2884 solebant,
1176 2833 1309 2871 non
1336 2815 1448 2872 tri-

382 2898 561 2964 ‚buti
610 2898 874 2971 modus,
926 2896 1156 2956 Matth.
1207 2916 1303 2957 223
1359 2915 1456 2977 19.

383 2981 889 3062 Dendrophori,
943 2980 1257 3061 professio
1300 3004 1450 3062 gen·

430 3066 667 3139 tilitia,
700 3068 918 3145 Apoc.
969 3069 1064 3126 13:
1120 3082 1215 3143 17.

1521 2475 1647 2532 -ciis
1673 2519 1695 2548 ,

1533 2391 1699 2470 pidis
1758 2392 2117 2449 minoribus
2178 2402 2240 2451 et
2291 2394 2563 2469 provin-

1784 2476 1984 2554 Apoc.
2075 2493 2170 2537 123
2261 2475 2324 2533 6.
2438 2476 2563 2536 Ge-

1532 2560 1783 2620 hennae
1870 2562 2215 2639 aliquando
2285 2581 2560 2639 respon-

1536 2645 1684 2717 det,
1737 2643 1938 2703 Hebr.
1986 2666 2044 2726 3²-
2101 2663 2198 2722 17.
2284 2647 2561 2705 Deserta

1532 2687 1805 2812 Pseiido-
1819 2728 2222 2789 Christorum
2245 2738 2310 2788 et
2329 2733 2562 2808 impos—

1491 2859 1494 2866 .
1534 2823 1736 2870 torum
1766 2813 2059 2892 resugiO,
2088 2806 2318 2873 Matth.
2340 2829 2437 2883 243
2464 2814 2562 2874 26.

1493 2898 1871 2956 Desertores
1949 2901 2166 2958 civilis
2236 2899 2561 2957 societatis

1533 3003 1647 3039 cur
1676 2979 2034 3040 Christiani
2077 2984 2232 3041 dicti
2272 2982 2559 3055 fuerint,

1540 3083 1566 3127 1
1637 3064 1809 3125 Petr.
1867 3080 1926 3135 4:
1991 3081 2054 3136 4.
2143 3069 2561 3125 Desertorum

384 3151 682 3216 Dentes
678 3152 917 3209 leotiis
945 3195 962 3225 ,
1041 3151 1456 3228 proverbiale
1535 3172 1569 3207 a
1597 3150 1785 3229 Legis
1827 3151 2226 3228 professione
2261 3149 2429 3227 apud
2455 3149 2560 3207 Iu·-

426 3245 566 3306 est,
617 3235 819 3312 Apoc.
863 3257 921 3315 9.
952 3237 1030 3296 :·8

384 3279 707 3378 Dentibus
744 3319 1080 3390 frendere,
1107 3297 1317 3398 gestus
1342 3340 1454 3379 ve-

1535 3235 1742 3293 daeos'
1770 3255 1973 3313 poena
1996 3280 2015 3310 ,
2058 3235 2287 3296 Matth.
2314 3234 2413 3293 263
2445 3237 2560 3311 28,

1544 3317 1696 3376 Luc.
1742 3319 1801 3377 63
1851 3340 1954 3381 22.

402 3402 762 3462 hementer
806 3404 1266 3476 irascentium,
1312 3401 1899 3463 Act.Deside1²ium
1937 3405 2098 3463 bene
2134 3401 2401 3462 vivendi
2431 3422 2563 3461 non

400 3507 491 3559 ,73
539 3491 644 3557 54.

1536 3488 1771 3546 sufficit
1833 3486 1914 3545 ad
1975 3488 2289 3561 salutem,
2344 3504 2370 3548 1
2424 3485 2564 3546 Ioh.

377 3572 731 3651 ⁴Depellere
779 3592 815 3629 a
861 3571 1307 3630 communione
1349 3573 1456 3632 vel
1546 3590 1597 3651 3:
1652 3591 1682 3644 7
1716 3615 1732 3644 ,
1790 3573 1887 3630 18.

432 3657 508 3714 de
552 3655 884 3729 Ecclesia,
934 3655 1083 3714 Luc.
1126 3657 1186 3716 63
1226 3673 1333 3720 22.
1498 3654 1840 3715 Desideria
1906 3654 2181 3716 maxime
2239 3655 2566 3715 naturalia

376 3741 726 3818 Deponere
769 3743 903 3799 eius
941 3750 1038 3801 est
1069 3744 1326 3818 proprie
1353 3741 1455 3819 qni
1536 3759 1845 3817 quaenam
1874 3741 2038 3813 sint,
2077 3739 2306 3804 Matth.
2337 3742 2432 3801 263
2460 3755 2562 3812 413

431 3824 781 3883 dominium
847 3827 939 3883 rei
1001 3824 1234 3897 habet,
1303 3823 1461 3882 Luc.
1541 3823 1863 3890 naturalia
1918 3825 2228 3898 vivendi,
2272 3823 2562 3884 evitandi

378 3921 387 3929 '
433 3928 533 3987 23·
583 3909 686 3977 46.
1346 3949 1355 3976 z
1540 3908 1825 3965 dolorem
1855 3917 1917 3966 et
1944 3910 2286 3988 probra,in
2306 3907 2562 3965 Christo

390 3992 770 4068 Depositum
804 4012 914 4054 cur
946 4002 1215 4051 vocetur
1242 3990 1447 4052 Euan
1538 3992 1761 4064 fuere,
1810 3991 1952 4050 Ioh.
2006 4014 2099 4056 123
2127 4013 2251 4063 27.

429 4077 637 4154 gelica
666 4076 984 4149 doctrina,
1019 4094 1043 4137 1
1079 4077 1249 4135 Tim.
1275 4078 1334 4135 63
1364 4096 1461 4135 2ο.
1505 4077 1859 4135 Deucalion
1908 4076 2080 4140 Noae
2118 4084 2561 4154 comparatur,

429 4160 807 4235 Depositum
843 4160 1113 4236 duplex,
1146 4161 1263 4218 Dei
1296 4162 1456 4234 apud
1545 4160 1771 4220 Manli.
1819 4176 1918 4230 243
1971 4181 2069 4240 39.

431 4260 587 4314 nos
623 4254 685 4303 et
712 4255 997 4301 nostrum
1029 4247 1192 4323 apud
1221 4246 1460 4308 Deum
1510 4245 1914 4305 Devovendi
1957 4267 2023 4303 se
2091 4242 2369 4302 formula
2438 4209 2566 4302 fre·

432 4348 495 4390 2-
539 4328 731 4390 Tim..
782 4345 832 4389 1:
899 4346 995 4392 12.
1082 4332 1459 4408 Deposnum
1544 4350 1741 4407 quens
1814 4331 1882 4387 in
1950 4328 2172 4387 Veteri
2244 4323 2567 4401 Foedere,

434 4413 544 4493 qui
580 4412 930 4495 abnegant
982 4414 1257 4500 infames
1315 4423 1465 4472 sunt
1549 4413 1780 4474 Matth.
1844 4411 2096 4494 26:974.
2184 4411 2574 4473 Devovcndi

1484 4523 1490 4527 >
2513 4514 2577 4552 se
