2779 5085
429 235 550 306 124
920 228 927 235 ’
1156 207 1786 288 -1'NDEx

422 378 659 445 Pauli
679 388 747 442 et
791 380 1175 459 Barnabae,
1226 384 1383 444 Luc.
1423 396 1486 455 φ
1569 373 2004 439 dicationem
1983 394 2112 440 lam
2129 380 2469 443 mortun?
2495 380 2676 460 suit,

447 487 555 528 2ο.
623 466 803 526 Unus
865 486 947 526 ex
990 487 1071 546 70
1138 466 1486 547 Discipulis
1561 464 1768 524 Marc.
1789 467 1872 525 -33
1921 482 2022 524 21.

448 550 742 624 Christi,
834 549 1048 611 Praef.
1134 553 1205 614 in
1272 554 1485 615 Marc.
1519 546 1826 627 Iosephus
1867 547 2369 612 Arimathensis
2419 550 2669 612 credi-

445 635 617 694 Vide
661 641 727 694 et
770 635 1049 697 Marcus.
1112 658 1121 665 ·
1561 640 1667 691 tur
1690 631 1890 692 fuisse
1919 633 2201 694 Senator
2230 657 2325 695 ur
2328 636 2446 694 bis
2482 635 2663 696 Hie-

404 720 633 782 loiada
717 726 784 778 et
856 718 1216 796 Barachia,
1283 736 1481 780 unum
1555 717 2092 796 rosolymitanae,
2120 719 2382 779 Matth.
2402 740 2515 797 27:
2542 725 2662 801 57.

445 813 514 865 et
558 802 734 863 idem
773 823 1043 881 nomen,
1105 804 1336 867 Matth.
1374 810 1476 869 23:
1560 800 1720 861 Cum
1789 801 2060 881 imperio
2143 812 2219 863 et
2290 806 2657 884 puniendi

444 891 549 951 35.
1553 893 1919 967 potestate,
1968 885 2253 948 Philem.
2313 893 2434 950 15.“
2511 890 2662 949 Oc·-

397 970 753 1036 Ionathas
729 991 817 1030 ιιιι
868 980 1049 1033 ostor
1074 968 1306 1032 multos
1335 985 1480 1055 post
1556 970 1762 1030 cultus
1807 970 1952 1030 Iesu
1999 970 2434 1053 discipulus,
2489 972 2653 1035 Ioh.

438 1055 767 1119 excidium
824 992 1321 1138 &ierosolymae
1370 1060 1476 1118 lu·
1555 1056 1614 1115 3:
1667 1071 1728 1113 2.
1811 1052 1934 1113 Vir
1980 1055 2146 1135 piae
2181 1066 2253 1116 et
2298 1056 2649 1121 laudatae

434 1142 631 1202 daeos
690 1140 767 1199 in
825 1139 1258 1221 cyrenaicam
1316 1143 1474 1202 soli·
1551 1137 1768 1212 vitae,
1817 1137 2050 1206 Matth,
2094 1159 2196 1220 273
2246 1145 2371 1221 57.

434 1225 724 1285 tudinem
804 1225 1157 1304 perduxit,
1242 1225 1474 1288 Matth.
1517 1220 1816 1312 Iosephus
1850 1220 2128 1284 Herodis
2155 1225 2644 1305 Procurator,

414 1321 541 1380 243
591 1320 694 1378 24.
1551 1305 1786 1367 Matth.
1824 1320 1924 1378 24:
1980 1310 2076 1370 15.

393 1391 592 1474 Ioppe
620 1391 770 1451 urbs
797 1391 1209 1454 Palaestinae
1220 1393 1474 1455 diluvio
1513 1388 1817 1470 Iosephus
1855 1390 2221 1453 Histoi-icus
2263 1393 2641 1456 Galilaeae

435 1476 803 1556 antiquior,
847 1476 1082 1538 Matth.
1120 1492 1223 1549 243
1272 1483 1374 1561 39.
1551 1474 1948 1536 Praefectus
1989 1494 2070 1554 70
2113 1476 2243 1538 sibi
2299 1480 2639 1540 adsesso-

390 1558 703 1641 Iosaphat
740 1569 817 1621 et
862 1562 1127 1623 Samuel
1172 1563 1307 1626 viri
1352 1561 1473 1622 ho·
1547 1579 1651 1619 res
1701 1561 1939 1641 elegit,
1989 1560 2149 1622 Luc.
2199 1578 2300 1624 10:
2355 1583 2420 1624 1.
2515 1565 2634 1624 lo-

429 1646 604 1704 nesti
666 1652 733 1705 et
798 1642 1210 1728 laudabiles,
1254 1644 1473 1708 Hebr.
1547 1642 1786 1705 hannis
1820 1645 2063 1726 placita
2103 1655 2401 1707 sectatus
2446 1648 2625 1725 fuit,

400 1747 534 1798 ·u:
586 1732 689 1791 35.
754 1752 765 1759 ·
1549 1728 1708 1789 Luc.
1754 1733 1812 1791 3:
1866 1741 1960 1799 14.
2027 1729 2104 1789 In
2144 1729 2447 1792 historia
2492 1753 2623 1795 sua

385 1812 700 1894 Iosephus
761 1812 983 1874 iacobi
1045 1804 1470 1877 Patriarchae
1545 1813 1717 1873 nihil
1756 1813 1925 1874 dixit
1962 1814 2040 1874 de
2072 1816 2286 1895 primo
2313 1818 2623 1898 Augusti

429 1899 648 1974 filius,
694 1919 732 1958 a
770 1897 1086 1959 fratribus
1128 1902 1468 1962 venunda-
1549 1919 1746 1958 censu
1795 1899 2096 1977 ludaico,
2136 1909 2202 1959 et
2241 1920 2407 1980 cur,
2441 1901 2621 1978 Luc.

428 1991 576 2060 tus,
612 1981 851 2064 ‘imago
900 1982 1188 2060 Christi,
1237 1985 1468 2046 Matth.
1549 1985 1699 2044 232.
1741 1982 2046 2041 Romanis
2092 1984 2269 2044 aliud
2317 2007 2620 2067 persua-

1546 2067 1700 2127 dere
1726 2076 1999 2125 conatur
2022 2087 2210 2146 quam
2235 2071 2418 2148 quod
2451 2071 2609 2131 Lex

1544 2151 1725 2223 vult,
1774 2151 1917 2209 Act.
1937 2158 2041 2230 ’193
2072 2155 2175 2230 37.
2219 2153 2381 2214 Eius
2414 2176 2613 2216 com-

1541 2235 1870 2293 mendatio
1885 2242 1950 2293 et
1962 2237 2418 2316 auctoritas,M
2429 2239 2610 2300 atth-

1547 2331 1642 2388 143
1674 2321 1734 2380 3.
1787 2316 1939 2376 Eius
1984 2328 2222 2398 septem
2262 2323 2448 2383 solos
2487 2324 2610 2384 iu-

1504 2431 1518 2450 1
1543 2401 1716 2461 dices
1755 2403 1826 2460 in
1860 2403 2135 2482 singulis
2159 2405 2433 2464 urbibus
2463 2418 2608 2468 sta-

1538 2485 1779 2547 tuentis
1807 2506 1948 2547 cum
1985 2487 2257 2548 aliorum
2284 2488 2604 2553 Hebrae-
2677 2480 2690 2495 ⁵

1540 2591 1770 2647 orum,
1854 2571 1966 2652 qui
2034 2575 2116 2633 23
2181 2585 2597 2655 numerant,

1539 2652 1864 2715 sententia
1904 2656 2310 2735 conciliata,
2341 2660 2597 2721 Matth.

1537 2741 1598 2799 53
1652 2740 2031 2821 21.1psius
2078 2759 2267 2808 error
2304 2743 2597 2805 histori-

1539 2843 1646 2883 cus
1672 2821 1932 2884 notatus
1950 2824 2161 2902 ,.·Luc
2186 2828 2590 2911 3314.1Ρῖιο

431 2067 1352 2233 }z.:⁸:}²::.³·13g·;;3;3.2
1360 2075 1469 2228 ἐξ·

410 2237 590 2296 ibid.
628 2235 734 2296 In
780 2236 1073 2316 Aegypto
1117 2237 1467 2311 servientis

424 2317 742 2380 historiae
769 2318 1203 2398 comparatio,
1234 2321 1467 2381 Matth.

427 2416 530 2474 243
599 2415 704 2482 47.
796 2401 1106 2462 Mandata
1176 2404 1314 2465 eius
1388 2405 1466 2464 de

426 2487 681 2549 ossibus
729 2485 859 2548 suis
908 2486 979 2547 in
1028 2496 1269 2548 terram
1315 2510 1462 2567 pro·

423 2573 686 2633 missam
762 2572 1230 2652 deportandis,
1309 2574 1465 2634 fidei

422 2658 563 2717 eius
611 2657 909 2737 signum,
959 2654 1163 2716 Hebr.
1216 2676 1310 2719 113
1363 2677 1463 2718 22.

422 2742 565 2820 Ipse
624 2750 691 2800 et
735 2740 973 2799 fratres
1021 2742 1157 2801 eius
1200 2742 1315 2801 ubi
1348 2763 1463 2803 se-

416 2823 630 2907 pulti,
678 2822 824 2884 Act.
861 2844 920 2899 7:
968 2823 1063 2883 16.
1132 2824 1283 2885 Eius
1325 2825 1459 2908 his-

419 2908 660 2968 toriam
687 2929 804 2967 cur
823 2908 1035 2969 Moses
1057 2907 1324 2991 legibus·
1329 2907 1462 2971 suis
1537 2909 1961 2984 emendatus,
2025 2909 2257 2971 Matth.
2293 2933 2394 2975 223
2446 2917 2586 2992 25,

421 2992 911 3073 praeposuerit,
957 2992 1140 3053 Rom.
1176 3008 1237 3065 4:
1279 2998 1381 3057 23.
1540 3012 1638 3071 27.
1686 2996 1815 3069 51,
1865 2995 2013 3053 Act.
2061 3014 2113 3055 13
2165 3014 2261 3055 12.

381 3075 642 3159 Iosephi
673 3079 919 3139 tribum
943 3078 1320 3156 bipartitam
1348 3100 1463 3140 cur
1496 3076 1808 3157 Iosephus
1858 3077 2139 3157 scriptor
2182 3079 2456 3140 Iudaeus
2509 3101 2589 3141 a·

423 3184 544 3244 pro
584 3183 716 3223 una
756 3170 965 3224 sumat
1002 3162 1272 3242 Paulus,
1317 3164 1462 3225 Act.
1536 3163 1664 3222 lius
1692 3162 1770 3222 ab
1800 3161 2148 3235 Histoi-ico,
2179 3161 2334 3223 Luc.
2353 3165 2449 3226 16:
2474 3184 2578 3245 19.

431 3246 529 3309 163
579 3267 651 3322 7.
1501 3247 1686 3307 [oses
1696 3256 1762 3308 et
1798 3244 2070 3324 Ioseph,
2097 3246 2271 3306 idem
2297 3269 2575 3328 nomen,

381 3329 696 3410 Iosephus
754 3331 1003 3392 Mariae
1049 3332 1276 3393 matris
1323 3335 1460 3393 Do·
1538 3331 1770 3393 Matth.
1802 3332 2043 3406 13355,
2088 3350 2189 3411 273
2218 3332 2336 3410 56,
2365 3334 2579 3404 Marc.

352 3459 357 3466 ›
418 3415 587 3476 mini
646 3435 920 3493 sponsus
972 3415 1458 3477 fuit·oriundus
1541 3419 1636 3477 15:
1684 3429 1788 3494 47.

422 3518 506 3561 ex
576 3498 852 3560 Davidis
921 3499 1222 3578 familia,
1302 3502 1458 3561 Luc.
1493 3501 1666 3562 Ioses
1739 3497 1959 3559 lacobi
2018 3497 2274 3579 frater,
2364 3502 2574 3563 Marc.

418 3604 481 3648 23
508 3597 573 3655 4.
629 3584 847 3643 Senex
887 3585 1227 3645 admodum
1256 3585 1458 3646 fuisse
1538 3587 1633 3645 153
1682 3596 1785 3654 40.

413 3669 628 3729 fertur
673 3689 867 3748 quum
916 3669 1124 3747 Maria
1164 3669 1269 3728 illi
1313 3669 1455 3730 des·
1494 3669 1681 3737 [osua
1728 3678 1793 3727 et
1838 3668 2018 3727 Iesus
2063 3668 2239 3732 idem
2283 3693 2563 3778 nomen,

415 3754 850 3835 ponderetur,
878 3753 1035 3813 Luc.
1060 3772 1113 3813 1:
1135 3756 1234 3824 34.
1281 3753 1456 3826 Quo·
1532 3750 1733 3812 Hebr.
1774 3766 1835 3823 4:
1885 3755 1947 3811 8.

417 3838 611 3898 modo
652 3837 899 3898 Christi
937 3838 1126 3898 Pater
1163 3838 1455 3914 dicatur,
1494 3834 1679 3896 Iosua
1719 3844 1911 3917 typus
1979 3838 2275 3914 Christi,
2334 3839 2565 3900 Matth.

379 3922 653 3984 .Matth.
718 3942 772 3983 13
839 3923 954 3998 16,
1024 3920 1185 3983 Luc.
1244 3944 1304 3985 23
1357 3942 1459 4003 27.
1538 3941 1591 3981 13
1619 3939 1717 3982 21.
1762 3921 2119 3998 Eiuslaus,
2151 3922 2428 3985 Hebr.&
2462 3924 2560 3984 16.
2655 3919 2658 3930 ’

417 4003 575 4066 Eius
646 4006 828 4087 origo
904 4027 990 4067 an
1059 4016 1126 4068 et
1192 4028 1456 4088 quomo-
1534 4004 1686 4064 Eius
1753 4006 2201 4068 iusiurandum
2272 4027 2353 4065 an
2417 4023 2562 4069 cum

417 4090 502 4150 do
567 4089 681 4156 ad
725 4090 1055 4152 Christum
1126 4094 1457 4173 pertinere
1534 4090 1704 4171 Lege
1791 4091 2041 4151 Divina
2120 4093 2555 4173 pugnaverit,

416 4175 717 4251 dicatur,
775 4175 940 4236 ibid.
1032 4172 1234 4237 Filius
1291 4176 1460 4236 dici·
1534 4173 1763 4233 Matth.
1813 4189 1907 4245 14.
1952 4197 2013 4255 9.
2125 4195 2134 4204 ’

413 4269 523 4320 tur
572 4260 772 4320 fuisse
837 4260 1062 4321 Iacobi
1127 4261 1460 4343 cognomi·
1494 4259 1716 4320 Iosuae
1779 4258 1952 4318 libro
2009 4265 2200 4338 caput
2261 4257 2561 4321 ultimum

414 4344 558 4405 nati
616 4343 953 4421 Panther,
1017 4346 1179 4406 Luc.
1234 4347 1291 4408 3:
1357 4349 1490 4407 23..
1532 4343 1817 4403 additum
1884 4365 1925 4405 a
1989 4342 2359 4423 Synedri0‚
2424 4344 2565 4406 1011.

415 4427 1250 4492 tutemchoatamChusti
1270 4449 1446 4512 prae
1531 4448 1630 4489 20:
1678 4432 1782 4514 3ο.
1864 4457 1870 4462 ·
2469 4512 2496 4573 l

2504 4534 2572 4571 0.
