2779 5085
680 218 1070 284 RERUM
1163 233 1263 278 ω
1351 199 2063 285 vuasonem·

2211 247 2219 263 ⁸
2330 218 2470 312 249⁹

277 366 500 446 ‘valde
520 377 1034 462 rapidum,ibid.
1071 350 1345 459 Viperae
1427 388 1727 460 magnum
1793 367 1939 445 erat
1996 382 2413 469 privilegium
2434 431 2457 466 ,
2530 360 2535 363 .

316 466 711 546 descriptio,
760 462 992 525 Matth.
1034 466 1093 524 3:
1140 484 1203 542 7.

1427 465 1569 525 Gal.
1612 460 1675 529 3:
1723 468 1825 527 28.

265 553 392 616 Vir
453 551 537 610 ad
583 550 930 628 imaginem
978 547 1101 606 Dei
1143 547 1348 606 sactus
1388 549 1588 630 Virga
1639 549 1923 611 Aaronis
1968 571 2129 632 quae
2173 546 2460 616 fructum

316 657 432 695 cur
480 635 777 708 dicatur,
826 653 958 692 non
1006 653 1167 692 vero
1213 632 1343 690 mu'·
1428 634 1705 718 protulit
1739 635 2016 695 ‚denotat
2064 635 2324 698 Christi·
2360 660 2468 700 sa-

311 721 478 796 lier,
513 739 536 778 1
571 719 723 778 Cor.
754 735 847 777 11:
880 737 943 795 7.
1002 714 1121 775 Est
1143 713 1350 799 gloria

316 804 483 879 Dei,
531 803 696 863 ibid.
784 801 1010 881 Imago.
1060 799 1349 876 Christi,

317 887 488 969 E‘ph.
510 890 571 948 5:
602 883 705 948 22.
771 885 850 946 In
885 884 1012 944 hoc
1052 884 1350 944 conditus

312 981 387 1033 ut
420 973 696 1052 imperet
727 968 1018 1043 mulieri,
1052 969 1215 1028 ibid.
1278 967 1351 1028 ld

313 1056 511 1117 initio
565 1054 689 1114 fuit
738 1053 1079 1128 naturale,
1131 1061 1351 1132 postea

314 1142 556 1202 sactum
619 1140 930 1218 poenale,
983 1136 1148 1195 ibid.
1234 1135 1352 1194 Vir

292 1225 445 1285 -2Dei
511 1224 681 1283 idem
745 1221 915 1302 quod
978 1218 1348 1301 Propheta,

317 1329 358 1371 2
419 1309 593 1369 Petr.
664 1325 715 1368 1:
776 1325 879 1367 21.
963 1303 1080 1363 Vir
1142 1305 1349 1363 bonus

314 1392 500 1473 quasi
546 1411 687 1450 cum
728 1392 1000 1451 lucerna
1038 1408 1347 1468 quaeren-

315 1478 478 1552 dus,
547 1474 729 1535 Rom.
788 1478 846 1536 3:
910 1492 1009 1533 10.
1083 1472 1159 1531 ‘Is
1224 1471 1351 1531 sibi

313 1562 514 1621 iudex
569 1568 708 1635 est,
784 1558 928 1618 Col.
976 1561 1033 1619 3:
1093 1558 1189 1616 15.
1275 1555 1353 1616 In

223 1646 226 1647 ⁷
315 1647 491 1705 bono
557 1651 869 1703 constans
929 1661 1068 1700 esse
1119 1640 1351 1713 debet,

288 1730 456 1794 ,Iam
502 1732 559 1790 3:
615 1745 711 1786 10.
776 1725 895 1785 Vir
937 1745 1068 1783 non
1113 1724 1354 1801 dicitur

319 1815 703 1884 divortere,
786 1810 900 1879 sed
980 1808 1353 1882 dimittere,

909 1891 1055 1952 Viri
1117 1892 1354 1972 integri

319 1897 566 1959 Matth..
603 1898 663 1956 5:
716 1898 819 1956 31.

1433 718 1787 778 cerdotium
1853 740 2106 800 semper
2175 720 2463 800 durans,

1437 801 1635 863 Hebr.
1675 823 1735 882 9:
1774 815 1839 874 4.
1923 802 2050 864 Ubi
2087 805 2286 866 fuerit
2326 827 2467 867 ser-
2510 800 2513 805 ’

1430 882 1585 954 irata
1619 887 1692 947 in
1726 887 2003 967 templo,
2029 889 2196 948 ibid.
2232 886 2465 970 'Virga

1432 972 1632 1052 magis
1663 971 1734 1030 in
1762 979 2091 1032 tormento
2115 982 2464 1054 eratquam

1429 1056 1498 1114 in
1541 1054 1898 1135 supplicio,
1944 1056 2177 1118 Matth.
2217 1079 2317 1138 271
2369 1079 2466 1140 19.

1431 1138 1773 1220 Virgarum
1805 1147 1872 1199 et
1898 1138 2251 1222 flagrorum
2278 1142 2468 1202 diffe-

1429 1224 1680 1298 rentia,
1730 1225 1879 1283 Act.
1924 1243 2024 1285 221
2071 1239 2175 1297 24.
2241 1224 2460 1309 Virgis

1427 1307 1537 1388 qui
1631 1307 2070 1369 caedebantur
2116 1311 2465 1391 *supplicii

1433 1412 1658 1468 causa,
1685 1413 1874 1451 unam
1908 1386 2159 1455 ta'ntum
2185 1396 2466 1476 accipie-

1430 1477 1593 1535 bant
1626 1528 1627 1533 ,
1692 1477 2079 1559 sententiam
2102 1521 2126 1552 ,
2190 1525 2195 1529 -
2228 1480 2464 1541 M'atth.

1436 1580 1472 1620 2
1521 1583 1534 1619 :
1591 1577 1611 1616 1
1669 1599 1686 1617 .
1844 1611 1849 1615 ,
2380 1604 2385 1608 -

1399 1643 1439 1698 V
1451 1579 1802 1723 iZgini’tatis
1883 1645 2279 1724 propositum
2354 1647 2466 1708 Iu-

1434 1728 1610 1787 daeis
1656 1728 2061 1809 incognitum
2107 1750 2244 1788 non
2288 1729 2463 1807 fuit,

1437 1811 1598 1872 Luc.
1667 1831 1718 1872 1:
1774 1817 1875 1882 34.
1965 1811 2119 1871 Eius
2176 1814 2461 1874 votrices

1432 1896 1751 1974 quomodo
1799 1893 2114 1957 Hebraeis
2154 1909 2460 1976 vocatae,

316 1990 388 2042 et
410 1981 568 2040 boni
593 1976 972 2057 descriptio,
999 1977 1152 2055 Luc.
1176 1980 1234 2037 8:
1262 1981 1356 2038 15.
1432 1980 1596 2039 ibid.

320 2067 447 2126 Vir
504 2074 568 2124 et
621 2064 858 2122 mulier
899 2083 1017 2142 pro
1063 2081 1180 2122 usu
1224 2061 1354 2122 viri
1398 2063 1595 2145 Virgo
1631 2070 1702 2121 ut
1737 2070 1957 2144 stupro
1996 2065 2495 2145 corrumpitur,*

320 2160 389 2212 et
430 2148 721 2208 mulieris
743 2194 765 2225 ,
799 2146 871 2206 id
906 2153 1044 2222 est„
1084 2166 1353 2205 consue-

321 2234 550 2295 tudine
598 2231 965 2312 coniugali,
1021 2248 1046 2288 1
1099 2230 1251 2290 Cor.
1294 2250 1351 2309 7:

211 2360 216 2365 -
327 2333 427 2390 14.
495 2317 616 2376 Vir
645 2324 711 2376 et
738 2317 973 2374 mulier
996 2334 1181 2393 pares
1206 2323 1357 2373 sunt

320 2404 414 2463 in.
457 2401 685 2463 salutis
749 2400 1010 2480 negotio
1037 2442 1057 2474 ,
1122 2418 1144 2458 1
1205 2399 1356 2458 Cor.

327 2508 353 2550 1
372 2506 423 2549 11
448 2507 470 2547 1
489 2506 543 2547 1.
581 2483 721 2544 Viri
741 2492 807 2545 et
828 2483 1115 2544 mulieris
1138 2493 1358 2552 sancta

303 2569 739 2631 conversatio
764 2589 1056 2649 magnam
1085 2567 1217 2628 vim
1245 2568 1356 2626 ha-

307 2657 432 2717 bet
469 2654 541 2715 in
584 2654 873 2730 animos,
918 2672 939 2711 1
989 2652 1139 2711 Cor.
1163 2656 1223 2715 81
1260 2653 1356 2712 16.

323 2739 469 2800 Viri
530 2746 630 2806 est
687 2758 791 2797 res
850 2744 1035 2797 extra
1092 2758 1355 2816 gerere,

321 2823 645 2892 foeminae
703 2841 967 2882 servare
1021 2822 1354 2899 quaesita,

328 2930 356 2971 1
398 2910 571 2969 Tim.
597 2909 659 2967 5:
694 2918 791 2977 14.
856 2904 1001 2963 Viri
1035 2913 1358 2963 vocantur

322 2993 602 3074 Angeli,
650 2989 834 3051 virili
881 2987 1095 3068 specie
1159 3010 1355 3068 appa-

319 3088 540 3139 rentes
564 3120 583 3151 ,
622 3074 855 3136 Matth.
892 3076 991 3134 281
1036 3092 1107 3148 2,
1157 3072 1358 3153 Apoc.

321 3183 426 3225 211
481 3181 578 3240 17.
656 3158 797 3219 Viri
837 3158 1143 3218 foeminis
1183 3178 1353 3216 com-

1434 2149 1525 2208 sic
1586 2147 1843 2217 animus<
1881 2149 2110 2227 quovis
2156 2159 2419 2229 peccato
2440 2152 2471 2228 ,'

1433 2231 1601 2312 Eph.
1626 2232 1689 2291 6:
1719 2245 1819 2302 24.
1896 2231 2182 2313 Virginis
2224 2255 2462 2296 nomen

1431 2316 1751 2397 quomodo
1816 2327 2187 2397 usurpatum
2248 2313 2467 2398 Virgi-

1432 2402 1565 2476 lio,
1606 2398 1838 2462 Matth.
1872 2420 1923 2460 1:
1959 2405 2061 2465 23.
2128 2401 2462 2483 Virginem

1434 2493 1759 2566 stuprasse
1806 2487 2084 2565 capitale
2126 2485 2251 2546 fuit
2293 2488 2465 2567 apud

1435 2567 1794 2646 Romanos,
1820 2570 2055 2632 Matth.
2078 2575 2139 2632 5:
2166 2591 2268 2647 27.
2311 2572 2467 2633 Vir-

1431 2655 1611 2736 gines
1674 2654 2009 2717 Hebraeae
2062 2678 2147 2715 an
2195 2665 2260 2715 et
2302 2657 2471 2735 quae*

1431 2748 1621 2800 extra
1666 2741 1908 2799 tribum
1954 2741 2195 2802 nubere
2241 2751 2470 2820 potue-

1433 2824 1609 2896 rint,
1649 2822 1964 2894 Matth.,1':
2002 2825 2098 2885 16.
2161 2824 2465 2906 Virgines

1434 2907 1726 2965 Vestales
1789 2907 2075 2968 incestae
2138 2917 2205 2969 et
2265 2911 2463 2972 vivae

1434 2989 1977 3066 defodiebantur,
2046 2992 2230 3051 Rom.
2296 3013 2353 3055 21
2412 3014 2469 3054 1.

1435 3072 1733 3151 Virgines
1794 3081 2119 3132 vocantur
2178 3075 2308 3133 viri
2355 3079 2466 3157 qui

1432 3157 1627 3217 idolis
1707 3171 1774 3216 se
1856 3176 1992 3217 non
2061 3157 2465 3240 subiiciunt,

322 3254 675 3330 parantur,
711 3229 931 3304 ubi'de
978 3241 1356 3302 idololatria
1435 3231 1639 3321 Apoc.
1689 3253 1782 3311 141
1828 3252 1893 3311 4.

326 3334 586 3413 agitur,
647 3331 848 3408 Apoc.
912 3341 1006 3399 141
1065 3338 1129 3397 4.
1215 3325 1356 3385 Viri
1393 3326 1617 3385 Virtus
1658 3324 1815 3405 quid
1857 3323 1984 3398 sit,
2030 3324 2262 3386 Matth.
2303 3324 2364 3388 61
2413 3344 2468 3388 1.

322 3414 542 3496 magni
585 3434 699 3493 per
739 3412 1118 3473 modestiam
1152 3411 1356 3470 sein-

263 3531 270 3540 ·
324 3498 680 3580 serioribus
770 3497 1009 3557 addere
1097 3496 1355 3569 solent,

329 3586 461 3647 Iac.
502 3587 559 3645 3:
607 3603 665 3644 2.
750 3581 992 3642 Eximii
1035 3581 1106 3639 in
1147 3579 1358 3661 patria

328 3690 444 3730 sua
470 3668 850 3747 contempti,
879 3664 1107 3726 Matth.
1139 3667 1359 3742 13:57.

296 3793 300 3798 -
327 3751 612 3814 Hebraei
640 3796 644 3802 .
673 3752 741 3809 in
807 3750 1066 3829 publico
1112 3769 1360 3826 semper

327 3844 520 3897 erant
575 3843 744 3895 tecto
811 3834 1060 3913 capite,
1129 3852 1152 3891 1
1212 3834 1359 3895 Cor.

333 3941 429 3982 111
495 3933 557 3990 4.
643 3917 819 3977 Viris
889 3917 1359 3977 excellentibus

325 4027 460 4067 non
507 4023 656 4064 esse
705 4001 1154 4064 demandanda
1199 4021 1360 4080 quae

328 4092 414 4150 ad
458 4108 677 4149 curam
719 4088 896 4146 vitae
937 4084 1125 4146 huius
1159 4087 1360 4164 perti-

329 4184 526 4252 nent,
554 4171 694 4232 Ioh.
720 4190 811 4231 12:
837 4170 897 4229 6.
935 4167 1134 4228 ¹Viros
1156 4169 1357 4228 bonos

301 4258 634 4339 gravibus
698 4276 885 4336 saepe
931 4254 1357 4314 incommodis

332 4351 593 4404 exercet
638 4341 850 4420 Deus',
901 4339 1058 4397 Luc.
1109 4358 1200 4397 12:
1248 4357 1307 4397 2.

286 4425 520 4490 Virilis
563 4423 778 4488 =sexus
849 4424 1017 4508 apud
1086 4423 1356 4515 Iudaeos

1436 3410 1656 3470 Virtus
1701 3410 1839 3469 vita
1882 3416 2010 3483 est,
2054 3410 2211 3470 Luc.
2242 3415 2470 3483 15124.

1434 3493 1552 3554 Est
1608 3495 1840 3555 vitium
1892 3494 2158 3574 fugere,
2214 3515 2240 3555 1
2293 3497 2471 3556 Petr.

1436 3584 1493 3641 3:
1537 3597 1630 3638 11.
1693 3578 2007 3639 Omnibus
2044 3580 2325 3659 ingeniis
2360 3581 2469 3641 vi·-
2579 3571 2583 3584 ¹

1433 3663 1608 3723 vidis
1638 3659 1993 3743 aequaliter
2017 3672 2116 3723 est
2139 3665 2464 3743 exposita,

1437 3748 1579 3807 col.
1605 3752 1663 3808 3:
1699 3765 1794 3805 11.
1859 3747 2012 3806 Post
2049 3747 2283 3807 funera
2319 3770 2468 3829 per-

1433 3840 1651 3890 manet
1713 3851 1831 3891 nec
1891 3831 2158 3907 interit,
2211 3831 2357 3892 Act.
2402 3855 2464 3913 9:

1437 3920 1538 3994 39.
1624 3913 1743 3973 Est
1808 3915 2085 3974 medium
2149 3911 2464 3977 vitiorum
2528 3913 2531 3914 ⁷

1436 3999 1754 4078 utrimque
1773 4000 2134 4075 reductum,
2154 3995 2308 4059 Luc.
2323 4004 2381 4062 5:
2401 4006 2465 4078 3,

1441 4104 1463 4144 1
1515 4084 1682 4144 Tim.
1724 4086 1784 4144 5:
1828 4088 1928 4145 23.
1996 4081 2113 4142 Est
2153 4086 2464 4165 simplex,

1432 4169 1663 4230 vitium
1691 4171 1850 4229 vero
1875 4167 2238 4248 multiplex,
2275 4189 2296 4228 1
2329 4170 2475 4233 Ioh.

1437 4259 1494 4315 3:
1552 4272 1647 4312 10.
1735 4252 1878 4325 Quo
1928 4252 2294 4328 difficilior,
2339 4254 2467 4315 hoc

1433 4337 1803 4418 pulchrior,
1834 4336 1989 4399 Luc.
2016 4341 2194 4409 1514.
2242 4337 2465 4398 Virtus

1432 4431 1498 4483 et
1518 4422 1803 4502 cognitio
1824 4431 2125 4497 crescunt
2141 4443 2284 4484 cum
2306 4433 2469 4482 tem-

1495 4505 1619 4580 Q5
2350 4528 2469 4587 po-
