<?xml version="1.0" encoding="UTF-8"?>
<!DOCTYPE html PUBLIC "-//W3C//DTD XHTML 1.0 Transitional//EN"
    "http://www.w3.org/TR/xhtml1/DTD/xhtml1-transitional.dtd">
<html xmlns="http://www.w3.org/1999/xhtml" xml:lang="en" lang="en">
 <head>
  <title>
</title>
<meta http-equiv="Content-Type" content="text/html;charset=utf-8" />
  <meta name='ocr-system' content='tesseract 3.04.00' />
  <meta name='ocr-capabilities' content='ocr_page ocr_carea ocr_par ocr_line ocrx_word'/>
</head>
<body>
  <div class='ocr_page' id='page_1' title='image "./annotationesinn00grotgoog_0027.png"; bbox 0 0 2779 5085; ppageno 0'>
   <div class='ocr_carea' id='block_1_1' title="bbox 598 192 2361 299">
    <p class='ocr_par' dir='ltr' id='par_1_1' title="bbox 598 192 2361 299">
     <span class='ocr_line' id='line_1_1' title="bbox 598 192 2361 299; baseline 0.003 -31"><span class='ocrx_word' id='word_1_1' title='bbox 598 199 993 268; x_wconf 76' lang='lat' dir='ltr'>RERUM</span> <span class='ocrx_word' id='word_1_2' title='bbox 1080 219 1187 263; x_wconf 66' lang='grc' dir='ltr'><strong>Εἰ*</strong></span> <span class='ocrx_word' id='word_1_3' title='bbox 1268 192 1931 271; x_wconf 72' lang='lat' dir='ltr'><strong>&#39;VERBORUM.</strong></span> <span class='ocrx_word' id='word_1_4' title='bbox 2289 235 2361 299; x_wconf 83' lang='lat'><strong>13</strong></span> 
     </span>
    </p>
   </div>
   <div class='ocr_carea' id='block_1_2' title="bbox 166 360 2378 788">
    <p class='ocr_par' dir='ltr' id='par_1_2' title="bbox 196 360 2370 527">
     <span class='ocr_line' id='line_1_2' title="bbox 196 360 2370 450; baseline 0.006 -25"><span class='ocrx_word' id='word_1_5' title='bbox 196 365 530 450; x_wconf 81' lang='lat' dir='ltr'><strong>Pythium</strong></span> <span class='ocrx_word' id='word_1_6' title='bbox 591 366 906 448; x_wconf 83' lang='lat' dir='ltr'><strong>templum</strong></span> <span class='ocrx_word' id='word_1_7' title='bbox 928 406 950 440; x_wconf 87' lang='lat'><em>‚</em></span> <span class='ocrx_word' id='word_1_8' title='bbox 1024 381 1052 423; x_wconf 88' lang='grc'><strong>1</strong></span> <span class='ocrx_word' id='word_1_9' title='bbox 1106 360 1260 423; x_wconf 78' lang='lat' dir='ltr'><strong>Cor.</strong></span> <span class='ocrx_word' id='word_1_10' title='bbox 1331 362 1510 424; x_wconf 88' lang='lat' dir='ltr'><strong>terio</strong></span> <span class='ocrx_word' id='word_1_11' title='bbox 1553 362 1887 429; x_wconf 77' lang='lat' dir='ltr'><strong>Ecclesiae</strong></span> <span class='ocrx_word' id='word_1_12' title='bbox 1936 366 2138 431; x_wconf 79' lang='lat' dir='ltr'><strong>fuisse</strong></span> <span class='ocrx_word' id='word_1_13' title='bbox 2179 382 2370 437; x_wconf 77' lang='lat' dir='ltr'><strong>notat</strong></span> 
     </span>
     <span class='ocr_line' id='line_1_3' title="bbox 205 449 2157 527; baseline 0.012 -34"><span class='ocrx_word' id='word_1_14' title='bbox 205 475 328 516; x_wconf 78' lang='lat'><strong>12·-</strong></span> <span class='ocrx_word' id='word_1_15' title='bbox 382 471 442 511; x_wconf 84' lang='lat'><strong>2.</strong></span> <span class='ocrx_word' id='word_1_16' title='bbox 1337 449 1629 527; x_wconf 84' lang='lat' dir='ltr'><strong>Plinius,</strong></span> <span class='ocrx_word' id='word_1_17' title='bbox 1680 471 1707 510; x_wconf 86' lang='lat'>1</span> <span class='ocrx_word' id='word_1_18' title='bbox 1761 451 1908 513; x_wconf 83' lang='lat' dir='ltr'><strong>Cor.</strong></span> <span class='ocrx_word' id='word_1_19' title='bbox 1954 471 2006 514; x_wconf 87' lang='grc'><strong>13</strong></span> <span class='ocrx_word' id='word_1_20' title='bbox 2053 458 2157 516; x_wconf 92' lang='grc'><strong>28.</strong></span> 
     </span>
    </p>

    <p class='ocr_par' dir='ltr' id='par_1_3' title="bbox 166 532 2378 788">
     <span class='ocr_line' id='line_1_4' title="bbox 166 532 2375 619; baseline 0.005 -26"><span class='ocrx_word' id='word_1_21' title='bbox 166 536 704 619; x_wconf 65' lang='lat' dir='ltr'><strong>Amphisbaenae</strong></span> <span class='ocrx_word' id='word_1_22' title='bbox 755 555 875 614; x_wconf 87' lang='lat' dir='ltr'><strong>pro</strong></span> <span class='ocrx_word' id='word_1_23' title='bbox 917 532 1123 592; x_wconf 83' lang='lat' dir='ltr'><strong>cauda</strong></span> <span class='ocrx_word' id='word_1_24' title='bbox 1165 541 1265 591; x_wconf 83' lang='lat' dir='ltr'><strong>est</strong></span> <span class='ocrx_word' id='word_1_25' title='bbox 1299 533 1592 594; x_wconf 83' lang='lat' dir='ltr'><strong>Andreas</strong></span> <span class='ocrx_word' id='word_1_26' title='bbox 1617 544 1823 596; x_wconf 84' lang='lat' dir='ltr'><strong>aetate</strong></span> <span class='ocrx_word' id='word_1_27' title='bbox 1838 540 2375 617; x_wconf 80' lang='lat' dir='ltr'><strong>provectiorPhi-</strong></span> 
     </span>
     <span class='ocr_line' id='line_1_5' title="bbox 210 618 2369 703; baseline 0.005 -24"><span class='ocrx_word' id='word_1_28' title='bbox 210 632 419 703; x_wconf 83' lang='lat' dir='ltr'><strong>caput</strong></span> <span class='ocrx_word' id='word_1_29' title='bbox 466 623 784 693; x_wconf 79' lang='lat' dir='ltr'><strong>alterum,</strong></span> <span class='ocrx_word' id='word_1_30' title='bbox 834 620 1040 697; x_wconf 72' lang='lat' dir='ltr'><strong>Apoc-</strong></span> <span class='ocrx_word' id='word_1_31' title='bbox 1073 638 1133 698; x_wconf 84' lang='lat'><strong>9:</strong></span> <span class='ocrx_word' id='word_1_32' title='bbox 1164 639 1226 694; x_wconf 86' lang='lat'><strong>9.</strong></span> <span class='ocrx_word' id='word_1_33' title='bbox 1338 619 1563 699; x_wconf 85' lang='lat' dir='ltr'><strong>lippo,</strong></span> <span class='ocrx_word' id='word_1_34' title='bbox 1624 618 1767 680; x_wconf 87' lang='lat' dir='ltr'><strong>loh.</strong></span> <span class='ocrx_word' id='word_1_35' title='bbox 1813 622 1874 681; x_wconf 91' lang='grc'><strong>63</strong></span> <span class='ocrx_word' id='word_1_36' title='bbox 1922 623 1983 682; x_wconf 85' lang='grc'><strong>6.</strong></span> <span class='ocrx_word' id='word_1_37' title='bbox 2068 626 2369 689; x_wconf 85' lang='lat' dir='ltr'><strong>Andreae</strong></span> 
     </span>
     <span class='ocr_line' id='line_1_6' title="bbox 172 701 2378 788; baseline 0.006 -27"><span class='ocrx_word' id='word_1_38' title='bbox 172 707 601 788; x_wconf 76' lang='lat' dir='ltr'><strong>Amphipolis</strong></span> <span class='ocrx_word' id='word_1_39' title='bbox 639 704 873 764; x_wconf 80' lang='lat' dir='ltr'><strong>vicina</strong></span> <span class='ocrx_word' id='word_1_40' title='bbox 913 701 1264 783; x_wconf 81' lang='lat' dir='ltr'><strong>Philippis,</strong></span> <span class='ocrx_word' id='word_1_41' title='bbox 1339 702 1587 762; x_wconf 87' lang='lat' dir='ltr'><strong>auxilio</strong></span> <span class='ocrx_word' id='word_1_42' title='bbox 1611 703 1712 763; x_wconf 88' lang='lat' dir='ltr'><strong>usi</strong></span> <span class='ocrx_word' id='word_1_43' title='bbox 1737 715 1889 764; x_wconf 88' lang='lat' dir='ltr'><strong>sunt</strong></span> <span class='ocrx_word' id='word_1_44' title='bbox 1906 708 2200 787; x_wconf 83' lang='lat' dir='ltr'><strong>Apostoli</strong></span> <span class='ocrx_word' id='word_1_45' title='bbox 2225 733 2378 773; x_wconf 80' lang='lat' dir='ltr'><strong>cae·</strong></span> 
     </span>
    </p>
   </div>
   <div class='ocr_carea' id='block_1_3' title="bbox 179 787 2382 1041">
    <p class='ocr_par' dir='ltr' id='par_1_4' title="bbox 179 787 2382 1041">
     <span class='ocr_line' id='line_1_7' title="bbox 220 787 2375 876; baseline 0.003 -24"><span class='ocrx_word' id='word_1_46' title='bbox 220 796 377 852; x_wconf 81' lang='lat' dir='ltr'><strong>Act.</strong></span> <span class='ocrx_word' id='word_1_47' title='bbox 431 811 524 867; x_wconf 79' lang='lat'><strong>17:</strong></span> <span class='ocrx_word' id='word_1_48' title='bbox 578 808 633 848; x_wconf 87' lang='lat'><strong>1.</strong></span> <span class='ocrx_word' id='word_1_49' title='bbox 1339 788 1469 847; x_wconf 82' lang='lat' dir='ltr'><strong>teri</strong></span> <span class='ocrx_word' id='word_1_50' title='bbox 1492 787 1565 846; x_wconf 88' lang='lat' dir='ltr'><strong>in</strong></span> <span class='ocrx_word' id='word_1_51' title='bbox 1589 790 2046 868; x_wconf 85' lang='lat' dir='ltr'><strong>compellando</strong></span> <span class='ocrx_word' id='word_1_52' title='bbox 2072 793 2375 876; x_wconf 84' lang='lat' dir='ltr'><strong>Domino,</strong></span> 
     </span>
     <span class='ocr_line' id='line_1_8' title="bbox 179 869 2175 957; baseline -0.001 -19"><span class='ocrx_word' id='word_1_53' title='bbox 179 874 760 957; x_wconf 71' lang='lat' dir='ltr'><strong>Amphitheatrum</strong></span> <span class='ocrx_word' id='word_1_54' title='bbox 802 871 1001 952; x_wconf 85' lang='lat' dir='ltr'><strong>quid,</strong></span> <span class='ocrx_word' id='word_1_55' title='bbox 1053 889 1080 930; x_wconf 84' lang='lat'>1</span> <span class='ocrx_word' id='word_1_56' title='bbox 1117 869 1268 930; x_wconf 79' lang='lat' dir='ltr'><strong>Cor.</strong></span> <span class='ocrx_word' id='word_1_57' title='bbox 1342 881 1411 932; x_wconf 87' lang='lat' dir='ltr'><strong>et</strong></span> <span class='ocrx_word' id='word_1_58' title='bbox 1451 890 1688 951; x_wconf 85' lang='lat' dir='ltr'><strong>quare,</strong></span> <span class='ocrx_word' id='word_1_59' title='bbox 1738 870 1879 933; x_wconf 80' lang='lat' dir='ltr'><strong>loh·</strong></span> <span class='ocrx_word' id='word_1_60' title='bbox 1927 894 2020 937; x_wconf 86' lang='grc'><strong>123</strong></span> <span class='ocrx_word' id='word_1_61' title='bbox 2070 895 2175 939; x_wconf 88' lang='grc'><strong>22.</strong></span> 
     </span>
     <span class='ocr_line' id='line_1_9' title="bbox 218 956 2382 1041; baseline 0.012 -39"><span class='ocrx_word' id='word_1_62' title='bbox 218 977 285 1033; x_wconf 79' lang='lat'><strong>4=</strong></span> <span class='ocrx_word' id='word_1_63' title='bbox 338 982 400 1040; x_wconf 79' lang='lat'><strong>9,</strong></span> <span class='ocrx_word' id='word_1_64' title='bbox 960 1004 1001 1035; x_wconf 51' lang='lat'><strong>⁴</strong></span> <span class='ocrx_word' id='word_1_65' title='bbox 1304 956 1718 1016; x_wconf 72' lang='lat' dir='ltr'><strong>Andronicus</strong></span> <span class='ocrx_word' id='word_1_66' title='bbox 1758 958 1902 1037; x_wconf 87' lang='lat' dir='ltr'><strong>quis</strong></span> <span class='ocrx_word' id='word_1_67' title='bbox 1936 968 2002 1020; x_wconf 88' lang='lat' dir='ltr'><strong>et</strong></span> <span class='ocrx_word' id='word_1_68' title='bbox 2032 963 2224 1041; x_wconf 85' lang='lat' dir='ltr'><strong>quale</strong></span> <span class='ocrx_word' id='word_1_69' title='bbox 2257 984 2382 1026; x_wconf 86' lang='lat' dir='ltr'><strong>no·-</strong></span> 
     </span>
    </p>
   </div>
   <div class='ocr_carea' id='block_1_4' title="bbox 179 1037 2406 4515">
    <p class='ocr_par' dir='ltr' id='par_1_5' title="bbox 179 1037 2406 4515">
     <span class='ocr_line' id='line_1_10' title="bbox 179 1037 2014 1125; baseline -0.002 -19"><span class='ocrx_word' id='word_1_70' title='bbox 179 1045 555 1125; x_wconf 77' lang='lat' dir='ltr'><strong>Ampliatus</strong></span> <span class='ocrx_word' id='word_1_71' title='bbox 623 1056 862 1102; x_wconf 84' lang='lat' dir='ltr'><strong>nomen</strong></span> <span class='ocrx_word' id='word_1_72' title='bbox 931 1037 1264 1119; x_wconf 82' lang='lat' dir='ltr'><strong>proprium</strong></span> <span class='ocrx_word' id='word_1_73' title='bbox 1342 1059 1528 1116; x_wconf 85' lang='lat' dir='ltr'><strong>men,</strong></span> <span class='ocrx_word' id='word_1_74' title='bbox 1577 1040 1759 1101; x_wconf 82' lang='lat' dir='ltr'><strong>Rom.</strong></span> <span class='ocrx_word' id='word_1_75' title='bbox 1810 1043 1905 1104; x_wconf 84' lang='grc'><strong>163</strong></span> <span class='ocrx_word' id='word_1_76' title='bbox 1955 1065 2014 1124; x_wconf 84' lang='grc'><strong>7.</strong></span> 
     </span>
     <span class='ocr_line' id='line_1_11' title="bbox 222 1123 2382 1211; baseline 0.005 -27"><span class='ocrx_word' id='word_1_77' title='bbox 222 1151 317 1191; x_wconf 75' lang='lat' dir='ltr'><strong>ex</strong></span> <span class='ocrx_word' id='word_1_78' title='bbox 350 1126 700 1211; x_wconf 80' lang='lat' dir='ltr'><strong>participio</strong></span> <span class='ocrx_word' id='word_1_79' title='bbox 734 1124 1002 1206; x_wconf 76' lang='lat' dir='ltr'><strong>passivo</strong></span> <span class='ocrx_word' id='word_1_80' title='bbox 1023 1167 1045 1201; x_wconf 86' lang='lat'><em>‚</em></span> <span class='ocrx_word' id='word_1_81' title='bbox 1084 1123 1268 1184; x_wconf 84' lang='lat' dir='ltr'><strong>Rom.</strong></span> <span class='ocrx_word' id='word_1_82' title='bbox 1304 1123 1625 1206; x_wconf 82' lang='lat' dir='ltr'><strong>Angariae</strong></span> <span class='ocrx_word' id='word_1_83' title='bbox 1668 1146 1905 1188; x_wconf 85' lang='lat' dir='ltr'><strong>nomen</strong></span> <span class='ocrx_word' id='word_1_84' title='bbox 1950 1129 2227 1208; x_wconf 75' lang='lat' dir='ltr'><strong>privatis</strong></span> <span class='ocrx_word' id='word_1_85' title='bbox 2260 1151 2382 1193; x_wconf 77' lang='lat' dir='ltr'><strong>vo-</strong></span> 
     </span>
     <span class='ocr_line' id='line_1_12' title="bbox 232 1208 2383 1300; baseline 0.013 -48"><span class='ocrx_word' id='word_1_86' title='bbox 232 1213 340 1274; x_wconf 75' lang='lat'><strong>16:</strong></span> <span class='ocrx_word' id='word_1_87' title='bbox 392 1216 450 1271; x_wconf 75' lang='lat' dir='ltr'><strong>g,</strong></span> <span class='ocrx_word' id='word_1_88' title='bbox 1344 1208 1726 1271; x_wconf 81' lang='lat' dir='ltr'><strong>xstionibus</strong></span> <span class='ocrx_word' id='word_1_89' title='bbox 1787 1219 1854 1271; x_wconf 84' lang='lat' dir='ltr'><strong>et</strong></span> <span class='ocrx_word' id='word_1_90' title='bbox 1909 1214 2217 1276; x_wconf 86' lang='lat' dir='ltr'><strong>oneribus</strong></span> <span class='ocrx_word' id='word_1_91' title='bbox 2262 1237 2383 1300; x_wconf 82' lang='lat' dir='ltr'><strong>pu-</strong></span> 
     </span>
     <span class='ocr_line' id='line_1_13' title="bbox 186 1292 2116 1376; baseline -0.001 -17"><span class='ocrx_word' id='word_1_92' title='bbox 186 1298 539 1359; x_wconf 76' lang='lat' dir='ltr'><strong>Anacletus</strong></span> <span class='ocrx_word' id='word_1_93' title='bbox 562 1293 921 1376; x_wconf 86' lang='lat' dir='ltr'><strong>Episcopus</strong></span> <span class='ocrx_word' id='word_1_94' title='bbox 942 1292 1268 1353; x_wconf 78' lang='lat' dir='ltr'><strong>Romanus</strong></span> <span class='ocrx_word' id='word_1_95' title='bbox 1346 1294 1572 1373; x_wconf 86' lang='lat' dir='ltr'><strong>blicis,</strong></span> <span class='ocrx_word' id='word_1_96' title='bbox 1627 1294 1858 1355; x_wconf 73' lang='lat' dir='ltr'><strong>Matth.</strong></span> <span class='ocrx_word' id='word_1_97' title='bbox 1900 1300 1961 1360; x_wconf 76' lang='lat'><strong>5:</strong></span> <span class='ocrx_word' id='word_1_98' title='bbox 2008 1311 2116 1370; x_wconf 74' lang='lat'><strong>41.</strong></span> 
     </span>
     <span class='ocr_line' id='line_1_14' title="bbox 232 1378 2381 1466; baseline 0.002 -25"><span class='ocrx_word' id='word_1_99' title='bbox 232 1383 488 1462; x_wconf 78' lang='lat' dir='ltr'><strong>Martyr</strong></span> <span class='ocrx_word' id='word_1_100' title='bbox 514 1425 535 1457; x_wconf 86' lang='lat'><em>,</em></span> <span class='ocrx_word' id='word_1_101' title='bbox 583 1381 790 1461; x_wconf 86' lang='lat' dir='ltr'><strong>Apoc.</strong></span> <span class='ocrx_word' id='word_1_102' title='bbox 840 1382 934 1440; x_wconf 80' lang='grc'><strong>133</strong></span> <span class='ocrx_word' id='word_1_103' title='bbox 991 1380 1089 1438; x_wconf 86' lang='grc'><strong>15.</strong></span> <span class='ocrx_word' id='word_1_104' title='bbox 1307 1378 1593 1460; x_wconf 81' lang='lat' dir='ltr'><strong>Angelus</strong></span> <span class='ocrx_word' id='word_1_105' title='bbox 1641 1379 1887 1440; x_wconf 76' lang='lat' dir='ltr'>Christi</span> <span class='ocrx_word' id='word_1_106' title='bbox 1920 1384 2032 1444; x_wconf 77' lang='lat' dir='ltr'><strong>vel</strong></span> <span class='ocrx_word' id='word_1_107' title='bbox 2066 1383 2191 1446; x_wconf 89' lang='lat' dir='ltr'><strong>Dei</strong></span> <span class='ocrx_word' id='word_1_108' title='bbox 2226 1404 2381 1466; x_wconf 80' lang='lat' dir='ltr'><strong>per-</strong></span> 
     </span>
     <span class='ocr_line' id='line_1_15' title="bbox 194 1461 2380 1548; baseline -0 -21"><span class='ocrx_word' id='word_1_109' title='bbox 194 1472 545 1530; x_wconf 84' lang='lat' dir='ltr'><strong>Auacreon</strong></span> <span class='ocrx_word' id='word_1_110' title='bbox 574 1465 829 1524; x_wconf 85' lang='lat' dir='ltr'><strong>talenta</strong></span> <span class='ocrx_word' id='word_1_111' title='bbox 862 1462 991 1521; x_wconf 87' lang='lat' dir='ltr'><strong>sibi</strong></span> <span class='ocrx_word' id='word_1_112' title='bbox 1029 1461 1272 1521; x_wconf 79' lang='lat' dir='ltr'><strong>donata</strong></span> <span class='ocrx_word' id='word_1_113' title='bbox 1344 1483 1568 1523; x_wconf 86' lang='lat' dir='ltr'><strong>sonam</strong></span> <span class='ocrx_word' id='word_1_114' title='bbox 1592 1464 1909 1542; x_wconf 85' lang='lat' dir='ltr'><strong>referens,</strong></span> <span class='ocrx_word' id='word_1_115' title='bbox 1933 1469 2135 1548; x_wconf 80' lang='lat' dir='ltr'><strong>Apoc.</strong></span> <span class='ocrx_word' id='word_1_116' title='bbox 2162 1481 2256 1540; x_wconf 75' lang='lat'><strong>14:</strong></span> <span class='ocrx_word' id='word_1_117' title='bbox 2280 1483 2380 1542; x_wconf 78' lang='lat'><strong>14.</strong></span> 
     </span>
     <span class='ocr_line' id='line_1_16' title="bbox 229 1547 2379 1629; baseline 0.001 -16"><span class='ocrx_word' id='word_1_118' title='bbox 229 1551 565 1625; x_wconf 81' lang='lat' dir='ltr'><strong>reddidit,</strong></span> <span class='ocrx_word' id='word_1_119' title='bbox 616 1547 850 1608; x_wconf 84' lang='lat' dir='ltr'><strong>Matth.</strong></span> <span class='ocrx_word' id='word_1_120' title='bbox 899 1568 992 1628; x_wconf 88' lang='grc'><strong>193</strong></span> <span class='ocrx_word' id='word_1_121' title='bbox 1042 1565 1145 1607; x_wconf 90' lang='grc'><strong>21.</strong></span> <span class='ocrx_word' id='word_1_122' title='bbox 1349 1549 1632 1629; x_wconf 81' lang='lat' dir='ltr'><strong>Angelus</strong></span> <span class='ocrx_word' id='word_1_123' title='bbox 1678 1548 1797 1609; x_wconf 92' lang='lat' dir='ltr'><strong>Dei</strong></span> <span class='ocrx_word' id='word_1_124' title='bbox 1832 1551 2096 1614; x_wconf 86' lang='lat' dir='ltr'><strong>nomine</strong></span> <span class='ocrx_word' id='word_1_125' title='bbox 2124 1552 2379 1615; x_wconf 77' lang='lat' dir='ltr'><strong>locutus</strong></span> 
     </span>
     <span class='ocr_line' id='line_1_17' title="bbox 192 1631 2384 1717; baseline -0.001 -19"><span class='ocrx_word' id='word_1_126' title='bbox 192 1637 487 1699; x_wconf 81' lang='lat' dir='ltr'><strong>Ananias</strong></span> <span class='ocrx_word' id='word_1_127' title='bbox 542 1653 780 1693; x_wconf 84' lang='lat' dir='ltr'><strong>nomen</strong></span> <span class='ocrx_word' id='word_1_128' title='bbox 824 1631 1159 1712; x_wconf 86' lang='lat' dir='ltr'><strong>proprium</strong></span> <span class='ocrx_word' id='word_1_129' title='bbox 1202 1650 1270 1688; x_wconf 79' lang='lat' dir='ltr'><strong>a·</strong></span> <span class='ocrx_word' id='word_1_130' title='bbox 1348 1632 1758 1711; x_wconf 84' lang='lat' dir='ltr'><strong>Abrahsmo,</strong></span> <span class='ocrx_word' id='word_1_131' title='bbox 1804 1634 1990 1697; x_wconf 83' lang='lat' dir='ltr'><strong>Rom.</strong></span> <span class='ocrx_word' id='word_1_132' title='bbox 2021 1657 2082 1716; x_wconf 84' lang='lat'><strong>9:</strong></span> <span class='ocrx_word' id='word_1_133' title='bbox 2110 1658 2173 1717; x_wconf 85' lang='lat'><strong>9.</strong></span> <span class='ocrx_word' id='word_1_134' title='bbox 2240 1639 2384 1698; x_wconf 86' lang='lat' dir='ltr'><strong>An..</strong></span> 
     </span>
     <span class='ocr_line' id='line_1_18' title="bbox 231 1714 2380 1801; baseline 0 -19"><span class='ocrx_word' id='word_1_135' title='bbox 231 1722 567 1784; x_wconf 63' lang='lat' dir='ltr'><strong>micorum‘</strong></span> <span class='ocrx_word' id='word_1_136' title='bbox 602 1717 785 1778; x_wconf 85' lang='lat' dir='ltr'><strong>Pauli</strong></span> <span class='ocrx_word' id='word_1_137' title='bbox 826 1725 890 1777; x_wconf 86' lang='lat' dir='ltr'><strong>et</strong></span> <span class='ocrx_word' id='word_1_138' title='bbox 931 1714 1270 1790; x_wconf 83' lang='lat' dir='ltr'><strong>Danielis,</strong></span> <span class='ocrx_word' id='word_1_139' title='bbox 1344 1718 1524 1798; x_wconf 85' lang='lat' dir='ltr'><strong>gelus</strong></span> <span class='ocrx_word' id='word_1_140' title='bbox 1587 1717 1833 1781; x_wconf 74' lang='lat' dir='ltr'><strong>lehova</strong></span> <span class='ocrx_word' id='word_1_141' title='bbox 1878 1720 2231 1801; x_wconf 82' lang='lat' dir='ltr'><strong>aliquando</strong></span> <span class='ocrx_word' id='word_1_142' title='bbox 2275 1722 2380 1782; x_wconf 91' lang='lat' dir='ltr'><strong>di-</strong></span> 
     </span>
     <span class='ocr_line' id='line_1_19' title="bbox 233 1799 2379 1885; baseline 0.001 -18"><span class='ocrx_word' id='word_1_143' title='bbox 233 1809 390 1868; x_wconf 83' lang='lat' dir='ltr'><strong>Act.</strong></span> <span class='ocrx_word' id='word_1_144' title='bbox 447 1825 509 1883; x_wconf 84' lang='lat'><strong>9:</strong></span> <span class='ocrx_word' id='word_1_145' title='bbox 568 1820 667 1862; x_wconf 77' lang='lat' dir='ltr'><strong>io.</strong></span> <span class='ocrx_word' id='word_1_146' title='bbox 754 1801 1038 1861; x_wconf 77' lang='lat' dir='ltr'><strong>Ananias</strong></span> <span class='ocrx_word' id='word_1_147' title='bbox 1099 1799 1267 1861; x_wconf 87' lang='lat' dir='ltr'><strong>Pon·</strong></span> <span class='ocrx_word' id='word_1_148' title='bbox 1346 1803 1557 1878; x_wconf 84' lang='lat' dir='ltr'><strong>citur,</strong></span> <span class='ocrx_word' id='word_1_149' title='bbox 1613 1803 1756 1865; x_wconf 84' lang='lat' dir='ltr'><strong>lud.</strong></span> <span class='ocrx_word' id='word_1_150' title='bbox 1799 1824 1862 1885; x_wconf 86' lang='lat'><strong>9.</strong></span> <span class='ocrx_word' id='word_1_151' title='bbox 1912 1803 2194 1870; x_wconf 80' lang='lat' dir='ltr'><strong>-lehova</strong></span> <span class='ocrx_word' id='word_1_152' title='bbox 2234 1826 2379 1869; x_wconf 87' lang='lat' dir='ltr'><strong>cum</strong></span> 
     </span>
     <span class='ocr_line' id='line_1_20' title="bbox 194 1885 2380 1970; baseline 0 -18"><span class='ocrx_word' id='word_1_153' title='bbox 194 1902 209 1906; x_wconf 76' lang='lat'><em>&#39;</em></span> <span class='ocrx_word' id='word_1_154' title='bbox 228 1891 411 1952; x_wconf 78' lang='lat' dir='ltr'><strong>tifex</strong></span> <span class='ocrx_word' id='word_1_155' title='bbox 431 1885 1269 1960; x_wconf 62' lang='lat' dir='ltr'><strong>Nebeaaei‘filim,nomam</strong></span> <span class='ocrx_word' id='word_1_156' title='bbox 1346 1886 1586 1946; x_wconf 86' lang='lat' dir='ltr'><strong>dicitur</strong></span> <span class='ocrx_word' id='word_1_157' title='bbox 1684 1889 2079 1970; x_wconf 79' lang='lat' dir='ltr'><strong>intelligitur</strong></span> <span class='ocrx_word' id='word_1_158' title='bbox 2173 1893 2380 1953; x_wconf 78' lang='lat' dir='ltr'><strong>verbo</strong></span> 
     </span>
     <span class='ocr_line' id='line_1_21' title="bbox 234 1969 2380 2057; baseline 0.001 -22"><span class='ocrx_word' id='word_1_159' title='bbox 234 1994 390 2036; x_wconf 83' lang='lat' dir='ltr'><strong>oum</strong></span> <span class='ocrx_word' id='word_1_160' title='bbox 456 1971 744 2031; x_wconf 85' lang='lat' dir='ltr'><strong>Cumano</strong></span> <span class='ocrx_word' id='word_1_161' title='bbox 799 1969 1056 2044; x_wconf 81' lang='lat' dir='ltr'><strong>missus,</strong></span> <span class='ocrx_word' id='word_1_162' title='bbox 1122 1970 1272 2029; x_wconf 77' lang='lat' dir='ltr'><strong>Act.</strong></span> <span class='ocrx_word' id='word_1_163' title='bbox 1344 1971 1646 2045; x_wconf 85' lang='lat' dir='ltr'><strong>iunctus,</strong></span> <span class='ocrx_word' id='word_1_164' title='bbox 1692 1970 1835 2031; x_wconf 87' lang='lat' dir='ltr'><strong>loh.</strong></span> <span class='ocrx_word' id='word_1_165' title='bbox 1875 1990 1927 2034; x_wconf 84' lang='grc'><strong>13</strong></span> <span class='ocrx_word' id='word_1_166' title='bbox 1968 1993 2024 2033; x_wconf 89' lang='grc' dir='ltr'><strong>ι.</strong></span> <span class='ocrx_word' id='word_1_167' title='bbox 2091 1974 2380 2057; x_wconf 78' lang='lat' dir='ltr'><strong>Angelus</strong></span> 
     </span>
     <span class='ocr_line' id='line_1_22' title="bbox 230 2052 2380 2135; baseline -0 -12"><span class='ocrx_word' id='word_1_168' title='bbox 230 2062 339 2123; x_wconf 74' lang='lat'><strong>23:</strong></span> <span class='ocrx_word' id='word_1_169' title='bbox 389 2076 451 2121; x_wconf 87' lang='grc'><strong>2.</strong></span> <span class='ocrx_word' id='word_1_170' title='bbox 543 2054 835 2114; x_wconf 82' lang='lat' dir='ltr'><strong>Ananiae</strong></span> <span class='ocrx_word' id='word_1_171' title='bbox 881 2053 953 2113; x_wconf 88' lang='lat' dir='ltr'><strong>in</strong></span> <span class='ocrx_word' id='word_1_172' title='bbox 1001 2054 1268 2114; x_wconf 84' lang='lat' dir='ltr'><strong>Pontifi-</strong></span> <span class='ocrx_word' id='word_1_173' title='bbox 1348 2052 1770 2115; x_wconf 69' lang='lat' dir='ltr'><strong>Macedoniae</strong></span> <span class='ocrx_word' id='word_1_174' title='bbox 1847 2052 2110 2118; x_wconf 76' lang='lat' dir='ltr'><strong>curator</strong></span> <span class='ocrx_word' id='word_1_175' title='bbox 2134 2102 2155 2135; x_wconf 88' lang='lat'><em>,</em></span> <span class='ocrx_word' id='word_1_176' title='bbox 2236 2064 2380 2123; x_wconf 80' lang='lat' dir='ltr'><strong>Act.</strong></span> 
     </span>
     <span class='ocr_line' id='line_1_23' title="bbox 232 2137 2384 2221; baseline -0 -17"><span class='ocrx_word' id='word_1_177' title='bbox 232 2153 389 2204; x_wconf 85' lang='lat' dir='ltr'><strong>catu</strong></span> <span class='ocrx_word' id='word_1_178' title='bbox 423 2137 730 2200; x_wconf 84' lang='lat' dir='ltr'><strong>suffectus</strong></span> <span class='ocrx_word' id='word_1_179' title='bbox 766 2139 1000 2199; x_wconf 88' lang='lat' dir='ltr'><strong>Ismael</strong></span> <span class='ocrx_word' id='word_1_180' title='bbox 1032 2137 1268 2216; x_wconf 86' lang='lat' dir='ltr'><strong>Phabi,</strong></span> <span class='ocrx_word' id='word_1_181' title='bbox 1348 2140 1446 2200; x_wconf 88' lang='grc'><strong>163</strong></span> <span class='ocrx_word' id='word_1_182' title='bbox 1491 2160 1553 2220; x_wconf 90' lang='grc'><strong>9.</strong></span> <span class='ocrx_word' id='word_1_183' title='bbox 1621 2138 1905 2221; x_wconf 74' lang='lat' dir='ltr'><strong>Angelus</strong></span> <span class='ocrx_word' id='word_1_184' title='bbox 1945 2161 2212 2221; x_wconf 84' lang='lat' dir='ltr'><strong>precum</strong></span> <span class='ocrx_word' id='word_1_185' title='bbox 2256 2142 2384 2204; x_wconf 87' lang='lat' dir='ltr'><strong>Ec-</strong></span> 
     </span>
     <span class='ocr_line' id='line_1_24' title="bbox 237 2225 2382 2308; baseline -0.001 -17"><span class='ocrx_word' id='word_1_186' title='bbox 237 2234 386 2291; x_wconf 83' lang='lat' dir='ltr'><strong>Act.</strong></span> <span class='ocrx_word' id='word_1_187' title='bbox 430 2228 529 2287; x_wconf 80' lang='grc'><strong>233</strong></span> <span class='ocrx_word' id='word_1_188' title='bbox 577 2228 641 2288; x_wconf 81' lang='grc'><strong>3.</strong></span> <span class='ocrx_word' id='word_1_189' title='bbox 1345 2225 1624 2304; x_wconf 70' lang='grc' dir='ltr'><strong>αἱρείτω,</strong></span> <span class='ocrx_word' id='word_1_190' title='bbox 1665 2227 1871 2306; x_wconf 79' lang='lat' dir='ltr'><strong>Apoc.</strong></span> <span class='ocrx_word' id='word_1_191' title='bbox 1895 2227 1956 2286; x_wconf 83' lang='lat'><strong>8:</strong></span> <span class='ocrx_word' id='word_1_192' title='bbox 1986 2244 2049 2286; x_wconf 88' lang='grc'><strong>2.</strong></span> <span class='ocrx_word' id='word_1_193' title='bbox 2092 2227 2382 2308; x_wconf 80' lang='lat' dir='ltr'><strong>Angelus</strong></span> 
     </span>
     <span class='ocr_line' id='line_1_25' title="bbox 192 2304 2385 2387; baseline -0.001 -10"><span class='ocrx_word' id='word_1_194' title='bbox 192 2310 560 2376; x_wconf 75' lang='lat' dir='ltr'><strong>Anathema</strong></span> <span class='ocrx_word' id='word_1_195' title='bbox 586 2356 607 2387; x_wconf 86' lang='lat'>‚</span> <span class='ocrx_word' id='word_1_196' title='bbox 653 2308 813 2369; x_wconf 88' lang='lat' dir='ltr'><strong>Luc.</strong></span> <span class='ocrx_word' id='word_1_197' title='bbox 853 2308 914 2370; x_wconf 88' lang='grc'><strong>63</strong></span> <span class='ocrx_word' id='word_1_198' title='bbox 963 2327 1082 2382; x_wconf 84' lang='grc'><strong>22,</strong></span> <span class='ocrx_word' id='word_1_199' title='bbox 1128 2304 1271 2368; x_wconf 87' lang='lat' dir='ltr'><strong>loh.</strong></span> <span class='ocrx_word' id='word_1_200' title='bbox 1346 2309 1675 2386; x_wconf 85' lang='lat' dir='ltr'><strong>Satanae,</strong></span> <span class='ocrx_word' id='word_1_201' title='bbox 1738 2309 1882 2370; x_wconf 79' lang='lat'>1011.</span> <span class='ocrx_word' id='word_1_202' title='bbox 1936 2314 1995 2372; x_wconf 88' lang='lat'><strong>8:</strong></span> <span class='ocrx_word' id='word_1_203' title='bbox 2046 2323 2155 2383; x_wconf 75' lang='lat'><strong>44.</strong></span> <span class='ocrx_word' id='word_1_204' title='bbox 2247 2313 2385 2374; x_wconf 80' lang='lat' dir='ltr'><strong>An-</strong></span> 
     </span>
     <span class='ocr_line' id='line_1_26' title="bbox 246 2393 2382 2478; baseline -0 -21"><span class='ocrx_word' id='word_1_205' title='bbox 246 2400 339 2458; x_wconf 83' lang='lat'><strong>16:</strong></span> <span class='ocrx_word' id='word_1_206' title='bbox 392 2416 429 2456; x_wconf 90' lang='grc'><strong>2</strong></span> <span class='ocrx_word' id='word_1_207' title='bbox 450 2438 470 2472; x_wconf 88' lang='grc'>,</span> <span class='ocrx_word' id='word_1_208' title='bbox 522 2396 668 2453; x_wconf 83' lang='lat' dir='ltr'><strong>Act.</strong></span> <span class='ocrx_word' id='word_1_209' title='bbox 697 2396 755 2454; x_wconf 86' lang='grc'><strong>83</strong></span> <span class='ocrx_word' id='word_1_210' title='bbox 785 2412 867 2455; x_wconf 90' lang='grc' dir='ltr'><strong>2ο</strong></span> <span class='ocrx_word' id='word_1_211' title='bbox 887 2439 906 2470; x_wconf 83' lang='grc'><strong><em>,</em></strong></span> <span class='ocrx_word' id='word_1_212' title='bbox 955 2393 1097 2452; x_wconf 86' lang='lat' dir='ltr'><strong>Gal.</strong></span> <span class='ocrx_word' id='word_1_213' title='bbox 1128 2410 1181 2451; x_wconf 86' lang='lat'><strong>1:</strong></span> <span class='ocrx_word' id='word_1_214' title='bbox 1211 2412 1271 2471; x_wconf 89' lang='lat'><strong>7.</strong></span> <span class='ocrx_word' id='word_1_215' title='bbox 1346 2394 1556 2475; x_wconf 87' lang='lat' dir='ltr'><strong>gelum</strong></span> <span class='ocrx_word' id='word_1_216' title='bbox 1590 2396 1918 2454; x_wconf 86' lang='lat' dir='ltr'><strong>custodem</strong></span> <span class='ocrx_word' id='word_1_217' title='bbox 1944 2395 2215 2476; x_wconf 84' lang='lat' dir='ltr'><strong>singulis</strong></span> <span class='ocrx_word' id='word_1_218' title='bbox 2241 2400 2382 2478; x_wconf 64' lang='lat' dir='ltr'><strong>pio-e</strong></span> 
     </span>
     <span class='ocr_line' id='line_1_27' title="bbox 239 2476 2379 2562; baseline -0.001 -18"><span class='ocrx_word' id='word_1_219' title='bbox 239 2479 828 2544; x_wconf 85' lang='lat' dir='ltr'><strong>Anathemalesum</strong></span> <span class='ocrx_word' id='word_1_220' title='bbox 850 2479 1069 2540; x_wconf 80' lang='lat' dir='ltr'><strong>dicere</strong></span> <span class='ocrx_word' id='word_1_221' title='bbox 1090 2476 1269 2558; x_wconf 86' lang='lat' dir='ltr'><strong>quid,</strong></span> <span class='ocrx_word' id='word_1_222' title='bbox 1342 2500 1488 2540; x_wconf 88' lang='lat' dir='ltr'><strong>rum</strong></span> <span class='ocrx_word' id='word_1_223' title='bbox 1551 2499 1590 2537; x_wconf 83' lang='lat' dir='ltr'><strong>a</strong></span> <span class='ocrx_word' id='word_1_224' title='bbox 1651 2479 1790 2539; x_wconf 91' lang='lat' dir='ltr'><strong>Deo</strong></span> <span class='ocrx_word' id='word_1_225' title='bbox 1843 2500 1984 2541; x_wconf 85' lang='lat' dir='ltr'><strong>esse</strong></span> <span class='ocrx_word' id='word_1_226' title='bbox 2032 2482 2379 2562; x_wconf 84' lang='lat' dir='ltr'><strong>donatum,</strong></span> 
     </span>
     <span class='ocr_line' id='line_1_28' title="bbox 242 2562 2380 2645; baseline 0 -16"><span class='ocrx_word' id='word_1_227' title='bbox 242 2589 268 2629; x_wconf 89' lang='grc'><strong>1</strong></span> <span class='ocrx_word' id='word_1_228' title='bbox 345 2567 497 2627; x_wconf 84' lang='lat' dir='ltr'><strong>Cor.</strong></span> <span class='ocrx_word' id='word_1_229' title='bbox 581 2585 675 2625; x_wconf 86' lang='grc'><strong>123</strong></span> <span class='ocrx_word' id='word_1_230' title='bbox 748 2569 812 2628; x_wconf 77' lang='lat'><strong>3.</strong></span> <span class='ocrx_word' id='word_1_231' title='bbox 915 2562 1271 2625; x_wconf 83' lang='lat' dir='ltr'><strong>Anathema</strong></span> <span class='ocrx_word' id='word_1_232' title='bbox 1347 2563 1581 2624; x_wconf 75' lang='lat' dir='ltr'><strong>Matth.</strong></span> <span class='ocrx_word' id='word_1_233' title='bbox 1631 2566 1728 2624; x_wconf 86' lang='grc'><strong>183</strong></span> <span class='ocrx_word' id='word_1_234' title='bbox 1781 2583 1896 2643; x_wconf 82' lang='grc' dir='ltr'><strong>ιο,</strong></span> <span class='ocrx_word' id='word_1_235' title='bbox 1950 2566 2091 2625; x_wconf 78' lang='lat' dir='ltr'><strong>Act.</strong></span> <span class='ocrx_word' id='word_1_236' title='bbox 2129 2570 2380 2645; x_wconf 73' lang='lat'>12:155</span> 
     </span>
     <span class='ocr_line' id='line_1_29' title="bbox 237 2647 2385 2735; baseline 0 -23"><span class='ocrx_word' id='word_1_237' title='bbox 237 2652 472 2735; x_wconf 86' lang='lat' dir='ltr'><strong>gradus</strong></span> <span class='ocrx_word' id='word_1_238' title='bbox 534 2650 852 2711; x_wconf 87' lang='lat' dir='ltr'><strong>secundus</strong></span> <span class='ocrx_word' id='word_1_239' title='bbox 912 2647 1271 2728; x_wconf 83' lang='lat' dir='ltr'><strong>separatio-</strong></span> <span class='ocrx_word' id='word_1_240' title='bbox 1345 2649 1538 2711; x_wconf 83' lang='lat' dir='ltr'><strong>etiam</strong></span> <span class='ocrx_word' id='word_1_241' title='bbox 1599 2648 1875 2731; x_wconf 81' lang='lat' dir='ltr'><strong>singulis</strong></span> <span class='ocrx_word' id='word_1_242' title='bbox 1923 2649 2385 2733; x_wconf 81' lang='lat' dir='ltr'><strong>Berumpubli-</strong></span> 
     </span>
     <span class='ocr_line' id='line_1_30' title="bbox 237 2732 2385 2813; baseline 0 -16"><span class='ocrx_word' id='word_1_243' title='bbox 237 2739 385 2813; x_wconf 85' lang='lat' dir='ltr'><strong>nis,</strong></span> <span class='ocrx_word' id='word_1_244' title='bbox 433 2734 574 2796; x_wconf 89' lang='lat' dir='ltr'><strong>loh.</strong></span> <span class='ocrx_word' id='word_1_245' title='bbox 625 2754 678 2795; x_wconf 84' lang='lat'><strong>1:</strong></span> <span class='ocrx_word' id='word_1_246' title='bbox 730 2754 830 2796; x_wconf 88' lang='grc'><strong>22.</strong></span> <span class='ocrx_word' id='word_1_247' title='bbox 912 2732 1274 2792; x_wconf 80' lang='lat' dir='ltr'><strong>Anathema</strong></span> <span class='ocrx_word' id='word_1_248' title='bbox 1348 2756 1611 2810; x_wconf 85' lang='lat' dir='ltr'><strong>carum,</strong></span> <span class='ocrx_word' id='word_1_249' title='bbox 1661 2733 1891 2795; x_wconf 73' lang='lat' dir='ltr'><strong>matth.</strong></span> <span class='ocrx_word' id='word_1_250' title='bbox 1939 2738 2033 2796; x_wconf 88' lang='grc'><strong>183</strong></span> <span class='ocrx_word' id='word_1_251' title='bbox 2081 2755 2177 2796; x_wconf 86' lang='grc'><strong>10.</strong></span> <span class='ocrx_word' id='word_1_252' title='bbox 2248 2740 2385 2800; x_wconf 79' lang='lat' dir='ltr'><strong>An-</strong></span> 
     </span>
     <span class='ocr_line' id='line_1_31' title="bbox 1346 2819 2402 2901; baseline 0.005 -23"><span class='ocrx_word' id='word_1_253' title='bbox 1346 2821 1477 2901; x_wconf 88' lang='lat' dir='ltr'><strong>geli</strong></span> <span class='ocrx_word' id='word_1_254' title='bbox 1563 2819 1892 2879; x_wconf 82' lang='lat' dir='ltr'><strong>Christum</strong></span> <span class='ocrx_word' id='word_1_255' title='bbox 1978 2821 2402 2883; x_wconf 71' lang='lat' dir='ltr'><strong>consolantis</strong></span> 
     </span>
     <span class='ocr_line' id='line_1_32' title="bbox 1347 2899 2383 2982; baseline 0.002 -16"><span class='ocrx_word' id='word_1_256' title='bbox 1347 2905 1672 2980; x_wconf 86' lang='lat' dir='ltr'><strong>rationes,</strong></span> <span class='ocrx_word' id='word_1_257' title='bbox 1712 2899 1868 2964; x_wconf 77' lang='lat' dir='ltr'><strong>Luc.</strong></span> <span class='ocrx_word' id='word_1_258' title='bbox 1895 2923 1997 2965; x_wconf 89' lang='grc'><strong>223</strong></span> <span class='ocrx_word' id='word_1_259' title='bbox 2021 2909 2138 2982; x_wconf 80' lang='lat'><strong>43,</strong></span> <span class='ocrx_word' id='word_1_260' title='bbox 2177 2905 2383 2968; x_wconf 75' lang='lat' dir='ltr'><strong>Hebr-</strong></span> 
     </span>
     <span class='ocr_line' id='line_1_33' title="bbox 1346 2989 2384 3070; baseline -0.001 -17"><span class='ocrx_word' id='word_1_261' title='bbox 1346 2993 1409 3053; x_wconf 84' lang='lat'><strong>5:</strong></span> <span class='ocrx_word' id='word_1_262' title='bbox 1438 3011 1499 3068; x_wconf 89' lang='lat'><strong>7.</strong></span> <span class='ocrx_word' id='word_1_263' title='bbox 1565 2989 1795 3070; x_wconf 77' lang='lat' dir='ltr'><strong>Angeli</strong></span> <span class='ocrx_word' id='word_1_264' title='bbox 1820 3009 2061 3050; x_wconf 84' lang='lat' dir='ltr'><strong>nomen</strong></span> <span class='ocrx_word' id='word_1_265' title='bbox 2085 2991 2384 3068; x_wconf 66' lang='lat' dir='ltr'><strong>omnibus</strong></span> 
     </span>
     <span class='ocr_line' id='line_1_34' title="bbox 1350 3072 2380 3153; baseline -0.001 -18"><span class='ocrx_word' id='word_1_266' title='bbox 1350 3074 1669 3135; x_wconf 73' lang='lat' dir='ltr'><strong>creaturis</strong></span> <span class='ocrx_word' id='word_1_267' title='bbox 1694 3073 1917 3148; x_wconf 84' lang='lat' dir='ltr'><strong>datur,</strong></span> <span class='ocrx_word' id='word_1_268' title='bbox 1944 3091 1983 3132; x_wconf 98' lang='grc'><strong>2</strong></span> <span class='ocrx_word' id='word_1_269' title='bbox 2009 3072 2166 3132; x_wconf 78' lang='lat' dir='ltr'><strong>Cor:</strong></span> <span class='ocrx_word' id='word_1_270' title='bbox 2193 3092 2287 3134; x_wconf 85' lang='grc'><strong>123</strong></span> <span class='ocrx_word' id='word_1_271' title='bbox 2316 3094 2380 3153; x_wconf 86' lang='lat'><strong>7,</strong></span> 
     </span>
     <span class='ocr_line' id='line_1_35' title="bbox 1349 3156 2381 3236; baseline 0.001 -18"><span class='ocrx_word' id='word_1_272' title='bbox 1349 3158 1551 3218; x_wconf 83' lang='lat' dir='ltr'><strong>Hebr.</strong></span> <span class='ocrx_word' id='word_1_273' title='bbox 1617 3178 1670 3217; x_wconf 88' lang='grc'><strong>13</strong></span> <span class='ocrx_word' id='word_1_274' title='bbox 1737 3177 1815 3236; x_wconf 88' lang='lat'><strong>7,</strong></span> <span class='ocrx_word' id='word_1_275' title='bbox 1886 3156 2084 3236; x_wconf 69' lang='lat' dir='ltr'><strong>Apom</strong></span> <span class='ocrx_word' id='word_1_276' title='bbox 2149 3175 2204 3216; x_wconf 85' lang='lat'><strong>1:</strong></span> <span class='ocrx_word' id='word_1_277' title='bbox 2257 3161 2381 3235; x_wconf 75' lang='lat'><strong>13,</strong></span> 
     </span>
     <span class='ocr_line' id='line_1_36' title="bbox 205 3241 2406 3325; baseline -0.002 -17"><span class='ocrx_word' id='word_1_278' title='bbox 205 3245 567 3308; x_wconf 78' lang='lat' dir='ltr'><strong>Anchialus</strong></span> <span class='ocrx_word' id='word_1_279' title='bbox 627 3265 745 3325; x_wconf 87' lang='lat' dir='ltr'><strong>pro</strong></span> <span class='ocrx_word' id='word_1_280' title='bbox 814 3244 1001 3303; x_wconf 80' lang='lat' dir='ltr'><strong>Deus</strong></span> <span class='ocrx_word' id='word_1_281' title='bbox 1063 3244 1272 3317; x_wconf 72' lang='lat' dir='ltr'><strong>vivit,</strong></span> <span class='ocrx_word' id='word_1_282' title='bbox 1356 3244 1452 3304; x_wconf 90' lang='grc'><strong>163</strong></span> <span class='ocrx_word' id='word_1_283' title='bbox 1479 3246 1542 3303; x_wconf 82' lang='lat'><strong>5.</strong></span> <span class='ocrx_word' id='word_1_284' title='bbox 1607 3241 1842 3323; x_wconf 74' lang='lat' dir='ltr'><strong>Angeli</strong></span> <span class='ocrx_word' id='word_1_285' title='bbox 1886 3241 2111 3301; x_wconf 82' lang='lat' dir='ltr'><strong>adesse</strong></span> <span class='ocrx_word' id='word_1_286' title='bbox 2147 3241 2406 3304; x_wconf 86' lang='lat' dir='ltr'><strong>crediti</strong></span> 
     </span>
     <span class='ocr_line' id='line_1_37' title="bbox 243 3325 2381 3412; baseline -0.001 -21"><span class='ocrx_word' id='word_1_287' title='bbox 243 3339 548 3412; x_wconf 85' lang='lat' dir='ltr'><strong>corrupte</strong></span> <span class='ocrx_word' id='word_1_288' title='bbox 608 3350 691 3389; x_wconf 78' lang='lat' dir='ltr'><strong>ex</strong></span> <span class='ocrx_word' id='word_1_289' title='bbox 736 3326 1060 3388; x_wconf 79' lang='lat' dir='ltr'><strong>Hebraico</strong></span> <span class='ocrx_word' id='word_1_290' title='bbox 1108 3327 1277 3409; x_wconf 83' lang='lat' dir='ltr'><strong>apud</strong></span> <span class='ocrx_word' id='word_1_291' title='bbox 1346 3328 1418 3387; x_wconf 89' lang='lat' dir='ltr'><strong>in</strong></span> <span class='ocrx_word' id='word_1_292' title='bbox 1463 3328 1808 3410; x_wconf 80' lang='lat' dir='ltr'><strong>Synagoga</strong></span> <span class='ocrx_word' id='word_1_293' title='bbox 1851 3334 1916 3388; x_wconf 86' lang='lat' dir='ltr'><strong>et</strong></span> <span class='ocrx_word' id='word_1_294' title='bbox 1955 3325 2300 3408; x_wconf 78' lang='lat' dir='ltr'><strong>Ecclesia,</strong></span> <span class='ocrx_word' id='word_1_295' title='bbox 2350 3347 2381 3389; x_wconf 83' lang='grc'><strong>1</strong></span> 
     </span>
     <span class='ocr_line' id='line_1_38' title="bbox 241 3411 2388 3492; baseline -0.002 -15"><span class='ocrx_word' id='word_1_296' title='bbox 241 3415 657 3490; x_wconf 77' lang='lat' dir='ltr'><strong>Martialem,</strong></span> <span class='ocrx_word' id='word_1_297' title='bbox 707 3412 936 3473; x_wconf 84' lang='lat' dir='ltr'><strong>Matth.</strong></span> <span class='ocrx_word' id='word_1_298' title='bbox 979 3415 1041 3473; x_wconf 87' lang='lat'><strong>5:</strong></span> <span class='ocrx_word' id='word_1_299' title='bbox 1090 3415 1192 3484; x_wconf 76' lang='lat'><strong>34.</strong></span> <span class='ocrx_word' id='word_1_300' title='bbox 1355 3413 1508 3473; x_wconf 88' lang='lat' dir='ltr'><strong>Cor.</strong></span> <span class='ocrx_word' id='word_1_301' title='bbox 1572 3432 1663 3473; x_wconf 89' lang='grc'><strong>113</strong></span> <span class='ocrx_word' id='word_1_302' title='bbox 1722 3431 1818 3472; x_wconf 85' lang='grc'><strong>10.</strong></span> <span class='ocrx_word' id='word_1_303' title='bbox 1904 3412 1959 3473; x_wconf 80' lang='lat' dir='ltr'>A</span> <span class='ocrx_word' id='word_1_304' title='bbox 2003 3411 2388 3492; x_wconf 85' lang='lat' dir='ltr'><strong>quibusdam</strong></span> 
     </span>
     <span class='ocr_line' id='line_1_39' title="bbox 206 3496 2389 3578; baseline 0 -15"><span class='ocrx_word' id='word_1_305' title='bbox 206 3499 552 3563; x_wconf 83' lang='lat' dir='ltr'><strong>Anchorae</strong></span> <span class='ocrx_word' id='word_1_306' title='bbox 577 3498 829 3561; x_wconf 79' lang='lat' dir='ltr'><strong>tenacis</strong></span> <span class='ocrx_word' id='word_1_307' title='bbox 856 3499 1065 3559; x_wconf 78' lang='lat' dir='ltr'><strong>vicem</strong></span> <span class='ocrx_word' id='word_1_308' title='bbox 1087 3518 1277 3576; x_wconf 86' lang='lat' dir='ltr'><strong>prae.-</strong></span> <span class='ocrx_word' id='word_1_309' title='bbox 1349 3497 1633 3578; x_wconf 84' lang='lat' dir='ltr'><strong>hospitio</strong></span> <span class='ocrx_word' id='word_1_310' title='bbox 1658 3496 1950 3578; x_wconf 84' lang='lat' dir='ltr'><strong>excepti,</strong></span> <span class='ocrx_word' id='word_1_311' title='bbox 1973 3496 2175 3558; x_wconf 84' lang='lat' dir='ltr'><strong>Hebr.</strong></span> <span class='ocrx_word' id='word_1_312' title='bbox 2198 3502 2295 3561; x_wconf 83' lang='grc'><strong>133</strong></span> <span class='ocrx_word' id='word_1_313' title='bbox 2323 3517 2389 3564; x_wconf 93' lang='grc'><strong>2.</strong></span> 
     </span>
     <span class='ocr_line' id='line_1_40' title="bbox 202 3581 2388 3662; baseline -0.001 -16"><span class='ocrx_word' id='word_1_314' title='bbox 202 3612 208 3618; x_wconf 91' lang='grc'><strong><em>·</em></strong></span> <span class='ocrx_word' id='word_1_315' title='bbox 250 3595 376 3646; x_wconf 83' lang='lat' dir='ltr'><strong>stat</strong></span> <span class='ocrx_word' id='word_1_316' title='bbox 408 3586 774 3646; x_wconf 85' lang='lat' dir='ltr'><strong>consolatio</strong></span> <span class='ocrx_word' id='word_1_317' title='bbox 796 3628 817 3659; x_wconf 88' lang='lat'>,</span> <span class='ocrx_word' id='word_1_318' title='bbox 861 3582 1062 3643; x_wconf 87' lang='lat' dir='ltr'><strong>Hebr.</strong></span> <span class='ocrx_word' id='word_1_319' title='bbox 1086 3582 1147 3641; x_wconf 86' lang='grc'><strong>63</strong></span> <span class='ocrx_word' id='word_1_320' title='bbox 1183 3600 1278 3661; x_wconf 87' lang='grc'><strong>19.</strong></span> <span class='ocrx_word' id='word_1_321' title='bbox 1354 3583 1647 3644; x_wconf 78' lang='lat' dir='ltr'><strong>Audiunt</strong></span> <span class='ocrx_word' id='word_1_322' title='bbox 1663 3603 1823 3662; x_wconf 86' lang='lat' dir='ltr'><strong>quae</strong></span> <span class='ocrx_word' id='word_1_323' title='bbox 1845 3581 2140 3657; x_wconf 86' lang='lat' dir='ltr'><strong>dicimus,</strong></span> <span class='ocrx_word' id='word_1_324' title='bbox 2169 3601 2195 3640; x_wconf 91' lang='grc'><strong>1</strong></span> <span class='ocrx_word' id='word_1_325' title='bbox 2215 3583 2388 3643; x_wconf 84' lang='lat' dir='ltr'><strong>Tim.</strong></span> 
     </span>
     <span class='ocr_line' id='line_1_41' title="bbox 247 3665 2390 3750; baseline -0.002 -18"><span class='ocrx_word' id='word_1_326' title='bbox 247 3669 576 3732; x_wconf 83' lang='lat' dir='ltr'><strong>Anchoris</strong></span> <span class='ocrx_word' id='word_1_327' title='bbox 628 3667 920 3750; x_wconf 86' lang='lat' dir='ltr'><strong>pluribus</strong></span> <span class='ocrx_word' id='word_1_328' title='bbox 965 3687 1121 3750; x_wconf 85' lang='lat' dir='ltr'><strong>opus</strong></span> <span class='ocrx_word' id='word_1_329' title='bbox 1167 3667 1279 3726; x_wconf 80' lang='lat' dir='ltr'><strong>ubi</strong></span> <span class='ocrx_word' id='word_1_330' title='bbox 1353 3671 1416 3729; x_wconf 88' lang='lat'><strong>5:</strong></span> <span class='ocrx_word' id='word_1_331' title='bbox 1445 3687 1547 3729; x_wconf 86' lang='grc'><strong>21.</strong></span> <span class='ocrx_word' id='word_1_332' title='bbox 1598 3667 1859 3727; x_wconf 85' lang='lat' dir='ltr'><strong>Christo</strong></span> <span class='ocrx_word' id='word_1_333' title='bbox 1896 3675 1962 3727; x_wconf 90' lang='lat' dir='ltr'><strong>et</strong></span> <span class='ocrx_word' id='word_1_334' title='bbox 1990 3665 2390 3728; x_wconf 83' lang='lat' dir='ltr'><strong>Christianis</strong></span> 
     </span>
     <span class='ocr_line' id='line_1_42' title="bbox 248 3748 2392 3834; baseline -0.002 -18"><span class='ocrx_word' id='word_1_335' title='bbox 248 3756 462 3817; x_wconf 83' lang='lat' dir='ltr'><strong>saevit</strong></span> <span class='ocrx_word' id='word_1_336' title='bbox 503 3776 725 3831; x_wconf 86' lang='lat' dir='ltr'><strong>mare,</strong></span> <span class='ocrx_word' id='word_1_337' title='bbox 771 3753 917 3814; x_wconf 80' lang='lat' dir='ltr'><strong>Act.</strong></span> <span class='ocrx_word' id='word_1_338' title='bbox 961 3771 1063 3828; x_wconf 81' lang='lat'><strong>27:</strong></span> <span class='ocrx_word' id='word_1_339' title='bbox 1114 3768 1216 3834; x_wconf 86' lang='grc'><strong>29.</strong></span> <span class='ocrx_word' id='word_1_340' title='bbox 1353 3752 1689 3826; x_wconf 82' lang='lat' dir='ltr'><strong>serviunt,</strong></span> <span class='ocrx_word' id='word_1_341' title='bbox 1737 3750 1903 3832; x_wconf 82' lang='lat' dir='ltr'><strong>Eph.</strong></span> <span class='ocrx_word' id='word_1_342' title='bbox 1940 3767 2142 3826; x_wconf 84' lang='lat'>1:10,</span> <span class='ocrx_word' id='word_1_343' title='bbox 2191 3748 2392 3812; x_wconf 75' lang='lat' dir='ltr'><strong>Hebr-</strong></span> 
     </span>
     <span class='ocr_line' id='line_1_43' title="bbox 211 3833 2398 3921; baseline -0.003 -19"><span class='ocrx_word' id='word_1_344' title='bbox 211 3841 371 3902; x_wconf 83' lang='lat' dir='ltr'><strong>Anci</strong></span> <span class='ocrx_word' id='word_1_345' title='bbox 436 3839 633 3921; x_wconf 85' lang='lat' dir='ltr'><strong>Regis</strong></span> <span class='ocrx_word' id='word_1_346' title='bbox 688 3846 873 3919; x_wconf 84' lang='lat' dir='ltr'><strong>pater</strong></span> <span class='ocrx_word' id='word_1_347' title='bbox 915 3838 1138 3897; x_wconf 83' lang='lat' dir='ltr'><strong>nullus</strong></span> <span class='ocrx_word' id='word_1_348' title='bbox 1182 3837 1278 3897; x_wconf 87' lang='lat' dir='ltr'><strong>di·</strong></span> <span class='ocrx_word' id='word_1_349' title='bbox 1362 3857 1415 3897; x_wconf 91' lang='grc'><strong>13</strong></span> <span class='ocrx_word' id='word_1_350' title='bbox 1461 3850 1557 3908; x_wconf 75' lang='grc'><strong>14.</strong></span> <span class='ocrx_word' id='word_1_351' title='bbox 1621 3833 1972 3914; x_wconf 76' lang='lat' dir='ltr'><strong>conspicui</strong></span> <span class='ocrx_word' id='word_1_352' title='bbox 2010 3841 2122 3893; x_wconf 84' lang='lat' dir='ltr'><strong>aut</strong></span> <span class='ocrx_word' id='word_1_353' title='bbox 2160 3834 2398 3899; x_wconf 88' lang='lat' dir='ltr'><strong>incon-</strong></span> 
     </span>
     <span class='ocr_line' id='line_1_44' title="bbox 250 3917 2394 4001; baseline -0.003 -17"><span class='ocrx_word' id='word_1_354' title='bbox 250 3927 462 4001; x_wconf 82' lang='lat' dir='ltr'><strong>citnr,</strong></span> <span class='ocrx_word' id='word_1_355' title='bbox 509 3924 711 3983; x_wconf 86' lang='lat' dir='ltr'><strong>Hebr.</strong></span> <span class='ocrx_word' id='word_1_356' title='bbox 756 3943 813 4001; x_wconf 84' lang='lat'><strong>7:</strong></span> <span class='ocrx_word' id='word_1_357' title='bbox 865 3925 924 3984; x_wconf 81' lang='lat'><strong>3.</strong></span> <span class='ocrx_word' id='word_1_358' title='bbox 1329 3921 1683 4000; x_wconf 76' lang='lat' dir='ltr'><strong>›spicui‚ut</strong></span> <span class='ocrx_word' id='word_1_359' title='bbox 1706 3919 1963 3995; x_wconf 83' lang='lat' dir='ltr'><strong>volunt,</strong></span> <span class='ocrx_word' id='word_1_360' title='bbox 1994 3917 2394 3992; x_wconf 81' lang='lat' dir='ltr'><strong>Luc.24:31.</strong></span> 
     </span>
     <span class='ocr_line' id='line_1_45' title="bbox 215 4004 2399 4089; baseline -0.002 -20"><span class='ocrx_word' id='word_1_361' title='bbox 215 4009 470 4070; x_wconf 77' lang='lat' dir='ltr'><strong>Ancilla.</strong></span> <span class='ocrx_word' id='word_1_362' title='bbox 507 4009 785 4089; x_wconf 85' lang='lat' dir='ltr'><strong>triginta</strong></span> <span class='ocrx_word' id='word_1_363' title='bbox 825 4005 1282 4066; x_wconf 68' lang='lat' dir='ltr'><strong>aestimabatur</strong></span> <span class='ocrx_word' id='word_1_364' title='bbox 1360 4007 1522 4065; x_wconf 87' lang='lat' dir='ltr'><strong>Cum</strong></span> <span class='ocrx_word' id='word_1_365' title='bbox 1581 4004 1873 4064; x_wconf 85' lang='lat' dir='ltr'><strong>Iohanne</strong></span> <span class='ocrx_word' id='word_1_366' title='bbox 1926 4011 2001 4063; x_wconf 79' lang='lat' dir='ltr'><strong>ut</strong></span> <span class='ocrx_word' id='word_1_367' title='bbox 2044 4005 2249 4065; x_wconf 81' lang='lat' dir='ltr'><strong>amico</strong></span> <span class='ocrx_word' id='word_1_368' title='bbox 2294 4007 2399 4065; x_wconf 88' lang='lat' dir='ltr'><strong>lo-</strong></span> 
     </span>
     <span class='ocr_line' id='line_1_46' title="bbox 251 4085 2396 4174; baseline -0.001 -20"><span class='ocrx_word' id='word_1_369' title='bbox 251 4094 428 4154; x_wconf 85' lang='lat' dir='ltr'><strong>siclis</strong></span> <span class='ocrx_word' id='word_1_370' title='bbox 460 4085 631 4174; x_wconf 78' lang='lat' dir='ltr'><strong>apu‘d</strong></span> <span class='ocrx_word' id='word_1_371' title='bbox 661 4091 1022 4168; x_wconf 76' lang='lat' dir='ltr'><strong>Hebraeos,</strong></span> <span class='ocrx_word' id='word_1_372' title='bbox 1050 4089 1283 4149; x_wconf 79' lang='lat' dir='ltr'><strong>Matth.</strong></span> <span class='ocrx_word' id='word_1_373' title='bbox 1358 4089 1534 4166; x_wconf 83' lang='lat' dir='ltr'><strong>cuti,</strong></span> <span class='ocrx_word' id='word_1_374' title='bbox 1581 4092 1782 4169; x_wconf 83' lang='lat' dir='ltr'><strong>Apoc.</strong></span> <span class='ocrx_word' id='word_1_375' title='bbox 1825 4109 1921 4168; x_wconf 85' lang='lat'><strong>17:</strong></span> <span class='ocrx_word' id='word_1_376' title='bbox 1968 4108 2021 4148; x_wconf 86' lang='lat'><strong>1.</strong></span> <span class='ocrx_word' id='word_1_377' title='bbox 2085 4089 2217 4150; x_wconf 83' lang='lat' dir='ltr'><strong>Cur</strong></span> <span class='ocrx_word' id='word_1_378' title='bbox 2255 4090 2396 4151; x_wconf 89' lang='lat' dir='ltr'><strong>Deo</strong></span> 
     </span>
     <span class='ocr_line' id='line_1_47' title="bbox 251 4173 2396 4257; baseline -0.002 -17"><span class='ocrx_word' id='word_1_379' title='bbox 251 4179 349 4240; x_wconf 87' lang='grc'><strong>263</strong></span> <span class='ocrx_word' id='word_1_380' title='bbox 428 4181 530 4239; x_wconf 87' lang='grc'><strong>15.</strong></span> <span class='ocrx_word' id='word_1_381' title='bbox 635 4175 897 4236; x_wconf 84' lang='lat' dir='ltr'><strong>Ancilla</strong></span> <span class='ocrx_word' id='word_1_382' title='bbox 960 4174 1281 4250; x_wconf 84' lang='lat' dir='ltr'><strong>ianitrix,</strong></span> <span class='ocrx_word' id='word_1_383' title='bbox 1359 4191 1556 4257; x_wconf 81' lang='lat' dir='ltr'><strong>saepe·</strong></span> <span class='ocrx_word' id='word_1_384' title='bbox 1610 4173 1765 4235; x_wconf 88' lang='lat' dir='ltr'><strong>addi</strong></span> <span class='ocrx_word' id='word_1_385' title='bbox 1826 4173 2078 4250; x_wconf 84' lang='lat' dir='ltr'><strong>solent,</strong></span> <span class='ocrx_word' id='word_1_386' title='bbox 2144 4193 2168 4234; x_wconf 85' lang='lat'>1</span> <span class='ocrx_word' id='word_1_387' title='bbox 2223 4174 2396 4235; x_wconf 85' lang='lat' dir='ltr'><strong>Tim.</strong></span> 
     </span>
     <span class='ocr_line' id='line_1_48' title="bbox 253 4258 2391 4340; baseline -0.001 -17"><span class='ocrx_word' id='word_1_388' title='bbox 253 4262 485 4323; x_wconf 79' lang='lat' dir='ltr'><strong>Matth.</strong></span> <span class='ocrx_word' id='word_1_389' title='bbox 532 4261 637 4323; x_wconf 86' lang='grc'><strong>263</strong></span> <span class='ocrx_word' id='word_1_390' title='bbox 685 4262 790 4321; x_wconf 89' lang='grc'><strong>68.</strong></span> <span class='ocrx_word' id='word_1_391' title='bbox 878 4259 1283 4320; x_wconf 83' lang='lat' dir='ltr'><strong>Ancillarum</strong></span> <span class='ocrx_word' id='word_1_392' title='bbox 1360 4264 1422 4322; x_wconf 80' lang='lat'><strong>5:</strong></span> <span class='ocrx_word' id='word_1_393' title='bbox 1505 4280 1607 4321; x_wconf 84' lang='grc'><strong>21.</strong></span> <span class='ocrx_word' id='word_1_394' title='bbox 1717 4258 1949 4340; x_wconf 82' lang='lat' dir='ltr'><strong>Angeli</strong></span> <span class='ocrx_word' id='word_1_395' title='bbox 2026 4259 2391 4321; x_wconf 67' lang='lat' dir='ltr'><strong>desertores</strong></span> 
     </span>
     <span class='ocr_line' id='line_1_49' title="bbox 256 4343 2387 4419; baseline -0.002 -13"><span class='ocrx_word' id='word_1_396' title='bbox 256 4357 391 4407; x_wconf 86' lang='lat' dir='ltr'><strong>erat</strong></span> <span class='ocrx_word' id='word_1_397' title='bbox 428 4347 501 4409; x_wconf 88' lang='lat' dir='ltr'><strong>in</strong></span> <span class='ocrx_word' id='word_1_398' title='bbox 544 4347 715 4408; x_wconf 85' lang='lat' dir='ltr'><strong>mola</strong></span> <span class='ocrx_word' id='word_1_399' title='bbox 738 4346 1026 4419; x_wconf 88' lang='lat' dir='ltr'><strong>molere,</strong></span> <span class='ocrx_word' id='word_1_400' title='bbox 1055 4343 1284 4403; x_wconf 78' lang='lat' dir='ltr'><strong>Matth.</strong></span> <span class='ocrx_word' id='word_1_401' title='bbox 1357 4351 1709 4407; x_wconf 80' lang='lat' dir='ltr'><strong>servantur</strong></span> <span class='ocrx_word' id='word_1_402' title='bbox 1767 4344 1838 4402; x_wconf 89' lang='lat' dir='ltr'><strong>in</strong></span> <span class='ocrx_word' id='word_1_403' title='bbox 1902 4349 2052 4404; x_wconf 62' lang='lat' dir='ltr'><strong>aere</strong></span> <span class='ocrx_word' id='word_1_404' title='bbox 2092 4346 2275 4405; x_wconf 78' lang='lat' dir='ltr'><strong>velut</strong></span> <span class='ocrx_word' id='word_1_405' title='bbox 2316 4345 2387 4402; x_wconf 91' lang='lat' dir='ltr'><strong>in</strong></span> 
     </span>
     <span class='ocr_line' id='line_1_50' title="bbox 261 4429 2393 4515; baseline -0.003 -21"><span class='ocrx_word' id='word_1_406' title='bbox 261 4444 355 4503; x_wconf 83' lang='grc'><strong>243</strong></span> <span class='ocrx_word' id='word_1_407' title='bbox 402 4445 509 4504; x_wconf 80' lang='grc' dir='ltr'><strong>4ο.</strong></span> <span class='ocrx_word' id='word_1_408' title='bbox 589 4430 890 4492; x_wconf 69' lang='lat' dir='ltr'><strong>Ancillas</strong></span> <span class='ocrx_word' id='word_1_409' title='bbox 940 4429 1010 4488; x_wconf 90' lang='lat' dir='ltr'><strong>in</strong></span> <span class='ocrx_word' id='word_1_410' title='bbox 1058 4429 1282 4489; x_wconf 83' lang='lat' dir='ltr'><strong>minis·</strong></span> <span class='ocrx_word' id='word_1_411' title='bbox 1361 4451 1668 4515; x_wconf 81' lang='lat' dir='ltr'><strong>carcere,</strong></span> <span class='ocrx_word' id='word_1_412' title='bbox 1717 4450 1753 4492; x_wconf 85' lang='grc'><strong>2</strong></span> <span class='ocrx_word' id='word_1_413' title='bbox 1798 4429 1973 4489; x_wconf 87' lang='lat' dir='ltr'><strong>Petr.</strong></span> <span class='ocrx_word' id='word_1_414' title='bbox 2017 4447 2073 4488; x_wconf 88' lang='grc'><strong>23</strong></span> <span class='ocrx_word' id='word_1_415' title='bbox 2120 4443 2185 4500; x_wconf 80' lang='lat'><strong>4.</strong></span> <span class='ocrx_word' id='word_1_416' title='bbox 2253 4430 2393 4511; x_wconf 74' lang='lat' dir='ltr'><strong>An-</strong></span> 
     </span>
    </p>
   </div>
   <div class='ocr_carea' id='block_1_5' title="bbox 2285 4533 2395 4590">
    <p class='ocr_par' dir='ltr' id='par_1_6' title="bbox 2285 4533 2395 4590">
     <span class='ocr_line' id='line_1_51' title="bbox 2285 4533 2395 4590; baseline 0 0"><span class='ocrx_word' id='word_1_417' title='bbox 2285 4533 2395 4590; x_wconf 61' lang='grc' dir='ltr'><strong>ὅθ’·</strong></span> 
     </span>
    </p>
   </div>
   <div class='ocr_carea' id='block_1_6' title="bbox 1286 3702 1314 4386">
    <p class='ocr_par' dir='ltr' id='par_1_7' title="bbox 1286 3702 1314 4386">
     <span class='ocr_line' id='line_1_52' title="bbox 1286 3702 1314 4386; baseline 0 0"><span class='ocrx_word' id='word_1_418' title='bbox 1286 3702 1314 4386; x_wconf 95' lang='lat' dir='ltr'><strong>  </strong></span> 
     </span>
    </p>
   </div>
   <div class='ocr_carea' id='block_1_7' title="bbox 203 2818 1274 3241">
    <p class='ocr_par' dir='ltr' id='par_1_8' title="bbox 235 2818 1274 3053">
     <span class='ocr_line' id='line_1_53' title="bbox 235 2818 1274 2903; baseline -0.007 -21"><span class='ocrx_word' id='word_1_419' title='bbox 235 2820 790 2903; x_wconf 78' lang='lat' dir='ltr'><strong>pronuntiandum</strong></span> <span class='ocrx_word' id='word_1_420' title='bbox 814 2819 1124 2879; x_wconf 83' lang='lat' dir='ltr'><strong>adversus</strong></span> <span class='ocrx_word' id='word_1_421' title='bbox 1138 2818 1274 2877; x_wconf 89' lang='lat' dir='ltr'><strong>fac-</strong></span> 
     </span>
     <span class='ocr_line' id='line_1_54' title="bbox 235 2902 1269 2986; baseline -0.005 -20"><span class='ocrx_word' id='word_1_422' title='bbox 235 2917 305 2966; x_wconf 87' lang='lat' dir='ltr'><strong>ta</strong></span> <span class='ocrx_word' id='word_1_423' title='bbox 326 2953 377 2986; x_wconf 39' lang='lat'><strong>‚,</strong></span> <span class='ocrx_word' id='word_1_424' title='bbox 406 2924 540 2965; x_wconf 88' lang='lat' dir='ltr'><strong>non</strong></span> <span class='ocrx_word' id='word_1_425' title='bbox 588 2905 894 2966; x_wconf 79' lang='lat' dir='ltr'><strong>adversus</strong></span> <span class='ocrx_word' id='word_1_426' title='bbox 937 2902 1229 2963; x_wconf 86' lang='lat' dir='ltr'><strong>homines</strong></span> <span class='ocrx_word' id='word_1_427' title='bbox 1250 2949 1269 2980; x_wconf 91' lang='lat'><em>‚</em></span> 
     </span>
     <span class='ocr_line' id='line_1_55' title="bbox 238 2989 651 3053; baseline -0.007 0"><span class='ocrx_word' id='word_1_428' title='bbox 238 2992 398 3053; x_wconf 87' lang='lat' dir='ltr'><strong>Luc.</strong></span> <span class='ocrx_word' id='word_1_429' title='bbox 439 2989 501 3051; x_wconf 89' lang='grc'><strong>63</strong></span> <span class='ocrx_word' id='word_1_430' title='bbox 547 3008 651 3051; x_wconf 89' lang='grc'><strong>22.</strong></span> 
     </span>
    </p>

    <p class='ocr_par' dir='ltr' id='par_1_9' title="bbox 203 3072 1271 3241">
     <span class='ocr_line' id='line_1_56' title="bbox 203 3072 1271 3157; baseline -0.005 -19"><span class='ocrx_word' id='word_1_431' title='bbox 203 3078 622 3157; x_wconf 77' lang='lat' dir='ltr'><strong>Anaxagoras</strong></span> <span class='ocrx_word' id='word_1_432' title='bbox 650 3094 842 3155; x_wconf 79' lang='lat' dir='ltr'><strong>quam</strong></span> <span class='ocrx_word' id='word_1_433' title='bbox 871 3073 996 3135; x_wconf 90' lang='lat' dir='ltr'><strong>sibi</strong></span> <span class='ocrx_word' id='word_1_434' title='bbox 1030 3072 1271 3134; x_wconf 87' lang='lat' dir='ltr'><strong>tribue·</strong></span> 
     </span>
     <span class='ocr_line' id='line_1_57' title="bbox 239 3158 1174 3241; baseline -0.004 -18"><span class='ocrx_word' id='word_1_435' title='bbox 239 3171 343 3223; x_wconf 84' lang='lat' dir='ltr'><strong>ret</strong></span> <span class='ocrx_word' id='word_1_436' title='bbox 386 3161 704 3241; x_wconf 85' lang='lat' dir='ltr'><strong>patriam,</strong></span> <span class='ocrx_word' id='word_1_437' title='bbox 752 3158 927 3220; x_wconf 82' lang='lat' dir='ltr'><strong>Phil.</strong></span> <span class='ocrx_word' id='word_1_438' title='bbox 963 3162 1023 3220; x_wconf 79' lang='lat'><strong>3:</strong></span> <span class='ocrx_word' id='word_1_439' title='bbox 1068 3176 1174 3219; x_wconf 91' lang='grc' dir='ltr'><strong>2ο.</strong></span> 
     </span>
    </p>
   </div>
  </div>
 </body>
</html>
