2779 5085
685 200 1079 310 annoti
1160 272 1260 312 ιι·
1345 223 2005 349 v‘sssontm.

265 396 528 481 Spicata
587 377 824 486 qualis·
876 425 1054 485 vox,
1138 409 1341 505 Marc.

317 501 410 556 143
463 492 523 549 3.

265 570 492 648 Spina·
514 573 693 631 carni
736 574 951 633 indita
1008 576 1339 657 significat

306 655 597 717 dolorem
644 658 985 719 admodum
1046 683 1335 741 pungen-
1417 680 1510 722 103
1573 664 1678 722 56.

301 747 475 814 tem,
542 760 578 800 2
627 741 780 800 Cor.
826 762 919 806 123
967 761 1028 823 7.

293 898 405 965 't'us
432 951 451 982 ,
498 903 729 969 Matth.
772 930 871 987 273
923 932 1022 993 29.

260 988 576 1069 S'pirandi
625 994 894 1053 verbum
939 998 1009 1055 in
1054 1019 1170 1058 usu
1215 1018 1330 1059 ve-

296 1076 560 1135 teribus·
593 1077 671 1137 de
719 1077 921 1138 Verbi
968 1084 1332 1142 emanatio—

296 1179 425 1233 ne,
479 1160 678 1220 Marc.
727 1182 783 1223 23
832 1167 893 1222 8.

254 1242 640 1324 spiritualia
677 1247 989 1306 beneficia
1023 1270 1155 1308 non
1197 1249 1326 1309 nisi

292 1327 364 1401 in
435 1328 763 1390 Christum
847 1335 1010 1391 confi
1022 1334 1323 1395 dentibus

181 1414 186 1417 ’
296 1413 759 1490 conferuntur,
846 1416 985 1476 Ioh.
1056 1438 1149 1478 113
1219 1433 1325 1489 40.

2321 277 2445 348 2927

1411 430 1550 470 mus
1572 456 1596 489 ,
1642 418 1711 470 et
1752 412 1918 475 bene
1954 428 2215 498 agentes·
2257 423 2443 485 adiu-a
2529 404 2567 471 .'

1412 503 1571 570 vat,
1622 494 1778 555 Luc.
1831 518 1923 575 173
1973 523 2034 581 7.
2113 506 2444 571 Discernit

1412 588 1734 639 momenta
1797 591 2193 665 temporum,
2284 592 2445 656 Luc.

1792 666 2068 745 Spiritus
2137 675 2253 733 ille
2329 680 2439 756 qui

1116 747 1353 824 'Spinis¹
1408 748 1616 805 nostri
1637 768 1830 808 causa
1848 753 1915 810 in
1939 753 2201 817 homine
2217 757 2442 821 Chris-

301 825 607 883 coronari
644 846 759 884 cur
785 827 1081 889 debuerit
1106 822 1354 891 Chris-¹

1407 839 1474 890 to
1521 831 1683 919 fuit,
1726 836 1825 893 est
1863 837 2059 916 ipsius
2096 843 2218 900 Dei
2255 847 2439 905 velut

1407 915 1621 991 portio
1682 926 1749 999 et
1803 919 2351 1005 instrumentum,
2404 950 2432 990 1

1409 998 1560 1058 Cor.
1603 1020 1661 1060 23
1723 1012 1820 1077 17.

1362 1082 1640 1160 Spiritus
1671 1083 1915 1145 Christi
1936 1108 2187 1173 semper
2210 1091 2440 1154 Chris-

1399 1167 1453 1223 ti
1502 1168 1723 1226 verbis
1769 1185 2130 1249 consonat,
2179 1177 2319 1237 Gal.
2366 1184 2429 1242 53

1406 1251 1503 1309 16.
1589 1253 1847 1337 Dicitur
1896 1248 2176 1336 Spiritus
2222 1258 2435 1323 Sanc-

1397 1343 1539 1408 tus,
1596 1356 1618 1395 1
1669 1337 1842 1403 Petr.
1898 1359 1949 1402 13
2008 1346 2104 1402 11.

1358 1418 1637 1496 Spiritus
1663 1421 1963 1500 Sanctus,
1981 1427 2185 1488 curin
2209 1429 2434 1513 Scrip-

283 1495 677 1575 'Spiritualia
713 1501 882 1559 dona
913 1510 1063 1559 sunt
1096 1502 1319 1561 arrha·
1399 1510 1547 1562 tura
1616 1499 1899 1583 Spiritus
1969 1511 2177 1571 Patris
2232 1535 2435 1577 voce-

293 1579 376 1638 bo
418 1581 672 1642 suturae
715 1587 886 1644 vitae
935 1586 1320 1663 spiritualis,

219 1694 224 1701 ,
293 1681 333 1725 2
375 1664 530 1724 Cor.
579 1686 630 1726 13
679 1686 782 1727 22.
871 1667 1011 1727 Non
1056 1672 1320 1731 omnino

290 1748 374 1806 ad
416 1749 688 1809 salutem
726 1761 878 1810 sunt
920 1756 1317 1830 necessaria,

295 1850 322 1889 1
392 1831 545 1892 Cor.
610 1846 702 1903 143
782 1855 836 1894 1.
938 1836 1318 1916 Spiritualia

287 1917 755 1994 temporalibus
818 1940 1070 1999 semper
1139 1931 1313 1982 ante·

285 1996 598 2075 ferenda,
647 2001 786 2061 Ioh.
830 2017 890 2074 4:
942 2010 1042 2065 32.

247 2079 532 2161 Spiritus
572 2106 702 2144 vox
733 2107 919 2166 quam
949 2089 1076 2148 late
1107 2097 1315 2166 pateat

286 2169 459 2245 apud
509 2167 875 2246 Hebraeos,
930 2173 1081 2231 Luc.
1106 2194 1164 2252 9:
1193 2178 1312 2249 55,

286 2250 471 2311 Rom.
539 2257 602 2313 8:
675 2257 772 2316 15.
891 2256 1017 2315 Pro
1083 2257 1314 2320 affectu

195 2348 202 2357 ⁴
285 2338 483 2395 animi
533 2340 838 2413 sumitur,
896 2340 1121 2404 iPetr.
1170 2347 1311 2414 334.

281 2408 414 2481 Ρι·0’
468 2424 760 2500 appetitu
805 2444 1014 2483 rerum
1069 2428 1304 2489 coeles-

280 2504 437 2564 tium
464 2550 481 2578 ,
533 2505 725 2566 Hebr.
759 2521 820 2578 43
860 2527 952 2568 12.
1020 2510 1146 2570 Pro
1193 2513 1308 2570 'mi-

278 2593 523 2649 raculis
552 2592 848 2666 Divinis,
886 2613 908 2652 1
939 2595 1107 2653 Tim.
1129 2598 1186 2656 3:
1217 2598 1309 2659 16.

282 2673 406 2733 Pro
451 2676 895 2752 spiritualibus
918 2725 935 2754 ,
966 2679 1183 2741 Ioh.6:
1208 2682 1308 2743 63.

281 2753 406 2818 Pro
449 2772 694 2835 ventO,
758 2761 901 2820 Ioh.
951 2767 1005 2823 3:
1058 2767 1116 2822 8.
1183 2765 1307 2824 Pro

279 2862 440 2903 voce
463 2889 478 2915 ‚
512 2848 714 2923 Apoc.
742 2850 832 2907 133
870 2848 964 2904 15.
1009 2848 1133 2906 Pro
1160 2851 1307 2906 sub-

278 2929 520 2987 stantia
577 2950 738 3008 quae
798 2932 1056 3007 corpori
1105 2934 1304 3012 vitam

279 3014 772 3088 subministrat,
862 3013 995 3073 Iac.
1077 3035 1133 3076 23
1210 3019 1307 3076 26.

277 3095 403 3157 Pro
452 3108 588 3157 toto
634 3099 844 3157 animo
884 3108 947 3158 et
987 3101 1121 3159 eius
1159 3123 1305 3178 par·

257 3182 449 3262 Α1111112
473 3228 490 3256 ,
540 3182 773 3243 Matth.
818 3184 915 3245 26:
945 3197 1017 3254 41
1042 3229 1060 3259 ,
1106 3189 1202 3246 283
1233 3208 1303 3266 9,

276 3264 484 3325 Marc.
525 3268 588 3328 8:
649 3285 761 3344 12,
828 3270 984 3328 Luc.
1040 3288 1132 3332 103
1187 3289 1302 3346 21,

274 3348 416 3409 1011.
468 3369 561 3413 113
612 3354 730 3427 33,
774 3351 901 3426 63,
971 3353 1099 3413 Iac.
1137 3367 1200 3427 4:
1245 3358 1305 3416 5.

273 3433 545 3510 Spiritui
585 3436 892 3496 tribuitur
920 3438 1022 3498 vis
1052 3441 1300 3517 activa,

274 3517 506 3579 Matth.
561 3539 655 3581 123
709 3524 807 3582 28.

211 3601 530 3682 Spiritus*
559 3624 671 3680 per
707 3608 1160 3675 excellentiam
1186 3629 1300 3668 vo·

277 3695 463 3744 catur
525 3689 737 3755 Dens,
815 3711 835 3749 1
892 3691 1040 3749 Cor.
1090 3712 1181 3754 103
1242 3696 1301 3754 3.

270 3764 562 3830 Vocatur
612 3769 853 3832 Christi
900 3774 1141 3835 Divina
1183 3798 1295 3836 112-

267 3862 453 3929 tura,
502 3855 705 3916 Marc.
745 3876 799 3916 23
845 3859 907 3917 8.

226 3938 506 4017 Spiritus
557 3940 680 3999 Dei
723 3960 880 4018 quos
929 3942 1106 4021 agit,
1177 3943 1298 4004 filii

267 4024 390 4083 Dei
434 4023 738 4083 dicuntur
774 4026 1123 4086 excellenti
1162 4048 1283 4085 mo-

266 4107 396 4182 do,
474 4107 660 4167 Rom.
698 4110 757 4168 83
816 4121 910 4178 14.
1018 4111 1295 4190 Spiritus

264 4188 389 4251 Dei
443 4192 785 4271 Prophetis
827 4212 906 4251 ex
946 4195 1292 4271 particula,

267 4275 535 4338 Christo
601 4297 765 4337 ¹vero
829 4278 1295 4355 perfectissime

265 4360 500 4434 datus,
575 4383 597 4421 1
649 4361 803 4421 Cor.
851 4381 907 4422 2:
963 4382 1057 4422 11.
1163 4361 1291 4422 Nos

265 4435 512 4504 excitat
571 4457 638 4505 ut
684 4448 845 4507 bene
894 4468 1081 4527 agere
1123 4447 1289 4508 veli-

1396 1595 1546 1659 tur,
1596 1586 1776 1653 Rom.
1821 1592 1880 1650 83
1936 1611 2028 1651 11.
2114 1594 2193 1654 In
2238 1597 2427 1661 Novo

1398 1666 1638 1730 Federe
1660 1673 2008 1751 promissus
2025 1721 2044 1751 ,
2067 1680 2223 1757 quid
2243 1703 2432 1760 prae·-

1398 1761 1523 1812 stet
1550 1788 1573 1829 ‚·
1617 1753 1775 1816 Luc.
1830 1777 1882 1820 1:
1933 1764 2035 1838 75.
2124 1762 2256 1823 Cur
2307 1785 2431 1825 vo-

1393 1849 1575 1898 cetur
1648 1834 1916 1917 Novus,
1988 1844 2173 1905 Rom.
2239 1869 2298 1924 73
2363 1848 2427 1909 6.

1395 1921 1543 1981 Cur·
1589 1936 1861 1985 vocetur
1920 1923 2166 1988 Christi
2215 1932 2427 2012 Spiri-

1393 2015 1536 2083 tus,
1583 2027 1622 2067 2
1650 2005 1799 2067 Cor.
1836 2013 1894 2070 33
1938 2031 2036 2087 ι7,
2086 2014 2227 2096 Gal.
2259 2031 2320 2086 43
2360 2017 2425 2079 6.

1394 2092 1642 2150 Auctor
1678 2094 2041 2154 nativitatis
2087 2097 2331 2159 Christi
2358 2110 2425 2162 et

1391 2176 1638 2254 piorum
1664 2197 1874 2237 novae
1899 2191 2202 2259 naturae,
2223 2183 2424 2246 Hebr.

1391 2277 1448 2318 2:
1505 2277 1597 2318 11.
1686 2261 1964 2342 Legatus
2028 2276 2172 2347 est,
2266 2268 2422 2329 Luc.

1398 2342 1490 2403 163
1563 2348 1658 2407 13.
1746 2348 2002 2407 Dicitur
2066 2349 2418 2414 Promissio

1389 2427 1553 2505 Dei,
1619 2428 1785 2509 Eph.
1852 2436 1910 2493 31
1967 2433 2027 2491 6.
2112 2433 2418 2496 Vicarius

1391 2510 1641 2573 Christi
1707 2524 1849 2591 est,
1927 2516 2071 2578 Ioh.
2137 2519 2232 2582 163
2290 2526 2416 2604 13,

1387 2595 1572 2655 Rom.
1618 2601 1677 2659 83
1732 2617 1828 2660 10.
1915 2599 2034 2661 Est
2099 2604 2415 2687 villicus,

1381 2679 1450 2738 id
1499 2689 1636 2756 est',
1698 2682 2107 2762 dispensator
2138 2689 2416 2766 Patris,

1382 2764 1525 2824 1011.
1576 2765 1670 2827 163
1724 2770 1825 2850 15.
1889 2768 2146 2830 Nemini
2185 2774 2415 2852 datur,

1382 2849 1507 2905 nisi
1535 2870 1651 2928 per
1679 2850 2040 2930 Christum,
2073 2855 2213 2917 loh.
2239 2879 2291 2920 13
2314 2864 2419 2923 32.

1384 2931 1530 2989 Olei
1631 2936 1926 3013 symbolo
2019 2938 2412 3018 denotatur,-

1381 3012 1614 3074 Matth.
1680 3021 1779 3078 253
1852 3021 1911 3077 8.
2001 3021 2142 3092 Quo
2207 3029 2415 3089 maior

1380 3108 1479 3158 est
1499 3141 1529 3172 ,x
1558 3121 1634 3158 eo
1664 3101 2021 3161 minoribus
2045 3126 2201 3184 opus
2225 3131 2417 3189 prae·
2506 3107 2515 3120 ’

1380 3185 1639 3262 scriptis
1667 3229 1687 3259 ,
1779 3204 1804 3244 1
1895 3185 2127 3248 Thess.
2204 3205 2266 3262 43
2350 3215 2414 3274 9.

1381 3265 1583 3334 Nobis
1646 3269 1874 3348 datus,
1931 3293 2057 3349 quo
2114 3282 2411 3355 utamur,

1381 3352 1564 3412 Rom.
1611 3356 1669 3413 8:
1716 3359 1829 3432 12..
1898 3354 2055 3418 Cum
2104 3379 2260 3420 cura
2294 3359 2416 3421 ha·

1375 3438 1520 3497 beri
1561 3440 1706 3498 vult
1760 3449 1890 3499 tam
1951 3464 2211 3524 magnus
2255 3445 2414 3505 hos·-

1378 3544 1488 3602 pes
1518 3565 1534 3596 ,
1605 3522 1847 3603 alioqui
1896 3524 2181 3607 hospitio
2228 3532 2415 3589 vale-

1377 3606 1585 3681 dicit,
1635 3606 1802 3687 Eph.
1841 3622 1902 3680 43
1938 3615 2018 3672 30
2044 3654 2064 3685 ,
2115 3630 2140 3671 1
2175 3612 2409 3690 Thess.

1372 3703 1433 3760 43
1485 3693 1544 3749 8.
1632 3692 1701 3750 Si
1764 3693 2045 3753 sollicite
2109 3707 2407 3757 servetur

1374 3774 1455 3833 ad
1501 3783 1803 3849 mortem,
1848 3786 1915 3835 et
1948 3785 2407 3869 post-mortem

1370 3879 1566 3935 usque
1598 3860 1678 3917 ad
1698 3863 2238 3922 resurrectionem
2262 3867 2409 3924 ani-

1373 3943 1491 4012 mis
1520 3942 1830 4003 adhaeret
1858 3944 2405 4027 Christianorum,

1378 4045 1402 4085 1
1453 4025 1684 4086 Thess.
1725 4031 1784 4088 52
1832 4033 1932 4092 23.
2020 4029 2163 4090 Non
2213 4033 2406 4096 datur

1371 4111 1497 4169 nisi
1543 4111 1772 4188 iustis,
1828 4112 1899 4173 id
1945 4123 2085 4191 est,
2135 4121 2407 4180 munda-

1369 4195 1452 4254 tis
1482 4196 1697 4255 animo
1721 4240 1738 4268 ‚
1785 4195 1970 4262 Rom.
1995 4218 2050 4260 23
2084 4204 2180 4274 13,
2208 4222 2265 4281 73
2301 4224 2408 4281 17,

1367 4299 1426 4357 9:
1484 4299 1502 4336 1
1535 4325 1552 4354 ,
1619 4281 1760 4339 Gal.
1804 4285 1860 4343 3:
1909 4303 1967 4345 2.
2057 4287 2401 4365 Apostolos

1367 4372 1432 4422 et
1481 4363 1931 4445 Euangelistas
1976 4367 2046 4427 111
2093 4369 2399 4431 doctrina

1366 4446 1766 4530 Euangelica
1816 4452 2272 4524 confirmavit,
2328 4456 2399 4513 111

1444 4531 1489 4589 P
1521 4551 1556 4590 2
2253 4557 2400 4595 cae·
