2779 5085
639 232 1022 295 RERUM
1113 252 1213 293 tr
1299 229 1965 296 VERBORUM.

2277 256 2398 319 175

249 394 610 477 dispendio
656 399 955 466 constat,
1006 388 1149 452 Ioh.
1196 409 1294 452 213
1370 398 1474 450 tus
1542 390 1809 473 defungi
1868 390 2164 475 solebat,
2241 396 2404 459 Luc·

258 487 373 543 18.
426 479 787 540 character
809 478 944 536 eius
970 477 1261 557 egregius
1280 523 1299 553 ‚

1381 488 1477 544 24:
1526 476 1629 537 30.

254 587 305 630 2
355 567 505 625 Cor.
543 585 602 642 7:
642 567 704 623 3.
772 563 1067 622 Pastores
1111 562 1298 620 inno·
1336 560 1592 619 Pathici
1632 558 1936 658 quinam,
1982 561 2168 625 Rom.
2208 586 2260 627 13
2290 566 2409 645 26,

259 673 425 712 cens
471 648 799 708 hominum
845 665 1089 726 genus,
1147 645 1300 704 Luc.

1386 663 1411 704 1
1465 644 1617 704 Cor.
1661 651 1721 706 b:
1741 676 1748 679 ·
1769 667 1831 726 9.

260 757 330 798 2:
407 753 501 794 10.
591 733 861 812 Gregem
922 738 989 789 et
1049 730 1303 809 praeire
1338 729 1773 798 Patibuli‘aut
1807 732 2019 791 crucis
2045 754 2252 812 poena
2274 757 2413 796 non

263 831 339 880 et
364 819 662 896 subsequi
687 816 930 888 solent,
960 814 1103 874 Ioh.
1128 832 1220 873 10:
1246 830 1305 883 4.

262 906 480 965 Voces
506 901 796 981 proprias
818 899 1304 979 habentquibus

266 995 654 1049 assuescunt
735 984 1008 1065 pecudes
1036 1027 1056 1059 ,
1144 982 1305 1042 ibid.

268 1074 575 1135 Pastores
625 1068 1065 1128 Ecclesiarum
1111 1068 1304 1127 officii

270 1160 376 1218 sui
406 1156 866 1228 admonentur,
910 1153 1066 1213 Luc.
1092 1172 1182 1213 123
1207 1169 1309 1221 41.

272 1240 704 1315 Quorundam
729 1237 1078 1298 crudelitas
1097 1236 1164 1295 in
1188 1240 1296 1294 ali-

267 1337 379 1387 ter
404 1326 756 1384 sentientes
782 1368 797 1395 ,
822 1321 1055 1383 Matth.
1079 1335 1179 1392 243
1206 1336 1309 1401 49.

275 1409 652 1472 Pastoribus
749 1406 1139 1466 Christianis
1228 1427 1302 1465 ex

277 1495 636 1574 Euangelio
698 1494 969 1566 vivere,
1014 1510 1150 1549 non
1199 1490 1307 1550 de·

278 1581 496 1641 liciari
543 1579 749 1652 solet,
798 1576 991 1634 Hebr.
1036 1580 1128 1637 133
1177 1594 1270 1634 10.

239 1663 702 1727 Patefactionis
792 1662 1073 1720 Divinae
1139 1659 1307 1719 modi

281 1759 603 1828 quatuor,
651 1744 883 1806 Matth.
935 1764 987 1805 1:
1035 1762 1137 1803 2ο.

233 1834 431 1895 Pater
479 1831 731 1892 ludaeis
792 1832 966 1889 Deus
1027 1828 1308 1899 dicitur,

283 1918 426 1979 loh.
487 1919 547 1976 83
613 1935 716 1993 27.
800 1914 1015 1974 Etiam
1062 1913 1119 1970 is
1147 1956 1164 1984 ,
1232 1931 1307 1969 ex

278 2024 407 2083 qno
430 2002 569 2081 quis
594 2010 781 2058 natus
808 2018 937 2057 non
967 2005 1065 2055 est
1090 2041 1108 2070 ‚
1151 1995 1313 2054 ibid.

279 2088 443 2149 Item
484 2086 591 2165 qui
618 2084 894 2142 alicuius
916 2081 1010 2141 rei
1050 2089 1312 2153 auctor,

280 2170 450 2247 Eph.
500 2189 554 2228 1:
608 2188 723 2243 17,
772 2168 905 2227 lac.
947 2184 1002 2226 13
1048 2164 1310 2240 17.·Qni

280 2257 444 2315 alios
477 2253 770 2326 exemplo
804 2260 914 2310 aut
957 2249 1311 2309 institutio-

281 2362 369 2400 ne
396 2339 606 2418 praeit
625 2383 641 2407 ‚
665 2335 849 2394 Rom.
872 2349 933 2406 43
968 2354 991 2392 1
1011 2353 1063 2405 1,
1099 2353 1120 2393 1
1144 2334 1315 2393 Petr.

288 2445 344 2485 1:
401 2425 496 2482 18.
582 2422 774 2481 Pater
835 2420 907 2477 in
970 2418 1156 2478 Novo
1205 2417 1316 2477 Fe-

1380 824 1524 873 erat
1610 815 1780 894 apud
1854 814 2229 893 Hebraeos,
2298 820 2420 880 sed

1381 899 1809 978 lapidatorum
1873 901 1956 959 ob
2009 905 2240 982 gravia
2284 905 2416 963 cri-

1386 986 1560 1042 mina
1620 1004 1893 1062 corpora
1939 987 2229 1065 patibulo
2274 1009 2417 1048 sus-

1386 1068 1833 1141 pendebantur
1878 1072 2165 1130 ostentui
2213 1094 2418 1154 popu-

1388 1154 1490 1225 lo,
1541 1152 1682 1215 Gal„
1727 1157 1787 1215 3:
1840 1157 1937 1214 13.

1346 1237 1666 1296 Patientia
1690 1238 2041 1318 quotuplex
2069 1240 2187 1315 sit,
2220 1242 2420 1321 Apoc-

1388 1341 1444 1382 23
1492 1328 1552 1382 3.
1638 1321 1888 1381 Gaudet
1931 1324 2256 1383 Patientia
2299 1328 2416 1384 du-

1384 1408 1474 1466 ris
1501 1451 1520 1481 ,
1573 1406 1803 1467 Matth.
1844 1408 1906 1467 5:
1950 1421 2012 1478 4.
2105 1409 2417 1486 humilis,

1386 1492 1499 1551 via
1545 1491 1629 1549 ad
1654 1510 1873 1549 veram
1901 1492 2174 1571 gloriam
2199 1539 2217 1566 ,
2266 1495 2420 1554 Luc.

1391 1593 1489 1634 223
1552 1594 1652 1653 29.
1741 1574 2065 1635 Patientia
2125 1588 2419 1638 veterum
2487 1616 2490 1621 -

1391 1659 1910 1719 Christianorum
1927 1704 1946 1734 ,
1975 1661 2207 1720 Matth.
2230 1666 2289 1723 5:
2320 1669 2423 1745 39.

1387 1743 1711 1805 Patientia
1779 1751 1846 1802 et
1916 1745 2074 1806 fides
2145 1745 2424 1807 Sancto-

1387 1849 1531 1888 rum
1553 1871 1572 1903 ,
1621 1824 1850 1888 Matth'.
1876 1829 1974 1891 263
2002 1834 2106 1890 62.
2159 1831 2424 1892 Patien-

1388 1914 1518 1972 tiae
1563 1913 1924 1971 encomium
1951 1959 1970 1990 ,
2017 1916 2335 1978 Matth.6:
2371 1937 2426 1977 1.

1392 1997 1757 2078 Patientiae
1782 2005 1882 2056 est
1904 2041 1923 2072 ,
1958 2000 2153 2058 etiam
2180 2003 2251 2060 in
2276 2022 2427 2081 gra-

1388 2080 1682 2147 vioribus
1708 2081 1872 2141 iram
1901 2083 2232 2159 cohibere,
2255 2086 2426 2164 Eph.

1387 2181 1449 2237 43
1501 2185 1563 2226 2.
1648 2167 1930 2226 Divinae
1970 2189 2263 2248 magnum
2297 2171 2427 2252 sig-

1389 2271 1545 2311 num
1569 2296 1590 2327 ‚
1631 2250 1806 2329 qnod
1840 2250 2043 2311 dilata
2076 2255 2164 2312 sit
2195 2255 2427 2314 Mundi

1389 2335 1630 2408 ruina,
1676 2335 1912 2396 2Petr.
1958 2355 2008 2397 13
2058 2357 2109 2396 ι.
2153 2340 2425 2421 Magnae

1395 2420 1644 2480 Christi
1694 2422 2058 2498 exemplum
2086 2467 2105 2496 ,
2175 2424 2316 2484 loh.
2362 2428 2426 2486 5:

284 2511 435 2569 dere
465 2510 636 2567 Deus
665 2504 938 2578 dicitur,
968 2502 1109 2563 loh.
1127 2516 1188 2574 43
1219 2521 1318 2563 21.

284 2594 431 2656 Non
498 2591 628 2651 nisi
695 2611 763 2650 se
831 2588 1191 2649 amantibus
1251 2609 1319 2648 se

283 2680 430 2740 vult
477 2675 836 2757 patefacere
858 2715 877 2746 ,
924 2671 1067 2734 Ioh.
1094 2685 1188 2743 143
1217 2676 1318 2734 23.

286 2762 443 2823 Eius
491 2760 717 2820 titulus
745 2803 765 2833 ‚
833 2756 1067 2820 Matth.
1112 2760 1212 2819 233
1257 2778 1320 2836 9.

286 2846 443 2907 Eius
495 2843 847 2922 descriptio
889 2863 972 2902 ex
1019 2841 1316 2902 Veterum
1396 2863 1590 2903 causa
1649 2854 1749 2905 est
1812 2868 1953 2926 spes
1998 2850 2172 2909 vitae
2218 2859 2429 2909 aeter-

283 2931 582 2991 sormulis
607 2931 678 2988 in
708 2925 1321 3006 Baptismo,Matth.
1395 2950 1555 3003 nae,
1609 2946 1633 2986 1
1665 2928 1897 2988 Thess.
1950 2950 2000 2991 13
2038 2937 2098 2993 3.
2163 2935 2437 2993 Patien-'

290 3020 387 3077 283
446 3036 567 3095 19.·
627 3014 837 3073 Patris
900 3019 967 3071 et
1012 3009 1317 3089 gignendi
1398 3014 1525 3071 tiae
1560 3025 1965 3092 praeceptum
1998 3016 2239 3075 Christi
2272 3038 2432 3095 quo-

284 3101 516 3160 titulus
564 3097 877 3159 convenit
924 3116 1039 3154 suo
1094 3093 1322 3172 cuique
1400 3096 1589 3155 modo
1682 3116 1825 3154 cum
1921 3098 2183 3159 talionis
2258 3100 2428 3181 Lege

288 3185 488 3266 gradu
516 3232 536 3263 ,
584 3186 723 3243 Deo
772 3180 992 3252 Patri,
1061 3177 1324 3238 Christo
1403 3178 1687 3240 Mosaica
1720 3200 1856 3238 non
1895 3180 2151 3242 dicatur
2185 3205 2435 3264 pugna-

288 3280 351 3328 et
402 3270 726 3348 Apostolis
755 3312 773 3342 ,
845 3285 868 3325 1
921 3266 1072 3324 Cor.
1113 3275 1174 3333 43
1229 3265 1324 3323 16.
1399 3285 1505 3338 re,
1550 3262 1785 3324 Matth.
1828 3267 1888 3325 5:
1937 3269 2038 3344 39.

249 3352 469 3416 Patres
540 3375 650 3431 per
713 3349 1166 3411 excellentiam
1217 3368 1324 3427 ap-
1359 3348 1582 3409 Patria
1630 3348 1877 3408 Christi
1906 3349 2180 3428 ,Matth.
2212 3355 2435 3423 13354.

286 3440 615 3519 pellantur
641 3484 661 3515 ,
710 3434 1036 3496 Abraham
1066 3478 1084 3507 ,
1142 3432 1325 3492 Isaac
1402 3434 1625 3494 Patria
1667 3435 1924 3514 ingrata
1953 3482 1969 3511 ,
2024 3436 2176 3495 Luc.
2220 3452 2280 3507 4:
2333 3450 2435 3508 24.

291 3531 356 3582 et
403 3522 593 3582 Iacob
620 3566 636 3591 ,
687 3521 870 3580 Rom.
905 3542 962 3601 9:
999 3537 1056 3579 Ι.
1101 3518 1325 3579 Patres
1360 3520 1646 3580 Patriam
1711 3529 2037 3580 terrenam
2084 3542 2217 3580 non
2262 3542 2438 3582 ama-

292 3606 694 3668 ldololatrae
730 3608 905 3665 Deos
943 3625 1092 3664 suos
1138 3622 1326 3661 voca·
1402 3612 1554 3665 runt
1574 3604 2438 3678 Patriarchae‚Hebr.11:i5.

291 3692 453 3750 bant
483 3733 499 3761 ‚
533 3688 707 3760 ,10h.
771 3694 830 3751 8:
895 3704 1001 3760 41.
1104 3687 1328 3748 Patres
1362 3687 1782 3749 Patriarchae
1814 3688 2116 3748 dicuntur
2153 3691 2436 3750 tribuum

295 3775 451 3833 olim
525 3771 904 3834 dicebantur
977 3773 1329 3835 Senatores
1407 3773 1846 3852 progenitores
1889 3783 1952 3831 et
1999 3773 2437 3849 familiarum,

295 3858 618 3931 Romani,
665 3860 815 3917 Act.
845 3880 904 3938 7:
957 3876 1013 3916 2.
1104 3857 1328 3918 Patres
1409 3856 1607 3921 Hebr.
1656 3876 1715 3936 7:
1761 3870 1821 3925 4.
1915 3857 2329 3917 patriarchae
2373 3868 2439 3919 et

296 3945 609 4022 dicuntur
690 3942 825 4002 viri
888 3941 1174 4003 seniores
1244 3961 1325 4002 ex
1408 3941 1499 4021 pii
1566 3955 1647 4000 ex
1715 3941 2015 4019 gentibus
2085 3943 2436 4020 praemium

292 4026 777 4089 moreomnium
794 4026 1333 4108 gentium‚1'1'im.
1405 4025 1663 4105 quidem
1707 4035 2049 4103 sperarunt
2089 4021 2230 4104 post
2270 4027 2440 4088 hanc

297 4118 357 4175 5:
415 4132 437 4172 1
474 4158 491 4186 ,
548 4133 568 4172 1
629 4110 770 4172 loh.
817 4131 874 4172 23
934 4112 1031 4170 13.
1408 4111 1655 4184 vitam,
1741 4111 1857 4172 sed
1932 4131 2066 4169 non
2133 4122 2440 4191 quantum

258 4195 759 4259 Patrisfamilias
825 4204 925 4257 est
969 4213 1152 4253 suum
1200 4193 1334 4251 cui·
1413 4194 1820 4273 Christiani,
1868 4194 2051 4253 Rom.
2097 4215 2152 4257 23
2199 4198 2258 4256 6.
2324 4199 2445 4256 Pa·-

298 4304 420 4362 que
492 4282 863 4343 demensum
924 4280 1126 4353 dare,
1194 4276 1335 4338 1011.
1407 4281 1836 4341 triarcharum
1912 4288 1977 4340 et
2013 4280 2446 4362 ”Phylarcha-

299 4385 400 4427 213
456 4369 553 4428 13.
639 4363 1142 4428 Patrisfamilias
1188 4362 1331 4422 riti·
1407 4387 1549 4426 rnm
1617 4363 1999 4439 distinctio,
2070 4367 2214 4425 Act.
2276 4386 2334 4443 7:
2384 4370 2446 4424 8.

297 4449 417 4509 bus
463 4450 638 4513 inter
695 4451 1043 4532 discipulos
1107 4446 1334 4508 Chris·
1412 4448 1832 4511 Patriarchas
1873 4469 1953 4509 ex
1988 4448 2261 4510 Davidis
2290 4448 2430 4508 stir-

2368 4553 2448 4612 pe

1395 2508 1497 2568 35.
1552 2503 1885 2567 Perfectae
1922 2511 2252 2590 exemplar
2285 2510 2426 2585 ipse

1397 2590 1693 2651 Christus
1721 2634 1740 2664 ‚
1796 2611 1821 2651 1
1858 2592 2042 2652 ·Petr.
2078 2614 2134 2655 23
2169 2600 2266 2657 23.
2316 2596 2432 2655 ln-

1395 2675 1603 2756 gentis
1641 2679 2000 2756 exemplum
2037 2679 2106 2738 in
2136 2679 2427 2756 Lazaro,

1397 2760 1554 2821 Luc.
1641 2760 1736 2820 163
1805 2781 1906 2821 21.
2017 2763 2429 2825 Christianae

2447 4753 2548 4818 ff
