2779 5085
389 208 516 274 240
757 175 762 180 ’
1215 122 1751 250 inu-‘nx

415 368 534 431 per
580 345 1037 408 contumeliam
1075 363 1262 425 quam
1296 343 1457 406 libi-
1527 360 1757 403 munus
1790 336 2247 424 Euangelistae
2273 362 2568 431 assumpt-

421 434 637 493 dinem
679 433 928 507 illusit,
969 430 1129 490 ibid.
1166 435 1267 492 30.
1335 430 1452 491 Se-
1526 435 1630 487 tus
1666 436 1803 503 est,
1846 428 2009 488 ibid.
2087 430 2219 490 Cur
2260 443 2411 492 ante
2453 456 2563 496 ae·

420 505 615 578 natui'
633 516 922 575 Romano
957 517 1303 576 consilium
1337 515 1454 575 de·
1528 520 1730 572 tatem
1806 510 2019 573 factus
2092 512 2557 597 Euangelista,

415 601 545 676 dit,
571 609 642 659 ut
669 600 998 659 Christum
1026 602 1305 661 Deorum
1330 620 1449 659 nu·
1534 612 1561 657 1
1612 595 1785 657 Tim.
1827 610 1890 668 [μ
1948 614 2045 663 12.
2129 598 2367 678 Ephesi
2413 623 2557 663 cre-

418 706 600 745 mero
628 685 931 759 adderet,
965 684 1191 743 Matth.
1215 698 1316 756 24:
1352 701 1453 745 11.
1528 681 1704 740 ditur
1742 681 2055 760 reliquum
2094 683 2270 743 vitae
2310 686 2553 765 egisse,

415 769 498 830 ‘In
536 768 804 829 ludaeos
843 771 1128 849 iniquior
1158 790 1291 828 non
1322 768 1451 828 suit
1533 781 1560 826 1
1594 764 1766 824 Tim.
1800 783 1851 825 1:
1881 786 1939 827 2.
2012 766 2091 826 In
2133 776 2401 847 utroque
2440 772 2556 831 iti-

329 840 338 867 ⁴
414 874 603 934 quam
670 855 1038 934 Augustus,
1103 854 1282 912 cuius
1340 854 1447 912 in·
1521 870 1679 909 nere
1717 849 2048 930 Philippos
2083 854 2424 912 comitatus
2455 865 2554 916 est

414 940 641 997 stituta
687 950 983 1017 tanquam
1026 939 1291 996 oracula
1329 957 1446 997 ve-
1523 934 1828 1006 Paulum,
1878 934 2047 994 Phil.
2095 953 2149 997 1:
2197 954 2252 996 1.
2338 938 2437 998 Ob
2480 940 2550 1002 id

411 1023 808 1095 nerabatur,
856 1020 1085 1082 Matth.
1130 1022 1228 1081 26:
1273 1025 1352 1095 5,
1407 1041 1445 1081 2

411 1107 644 1168 Thess.
660 1126 715 1166 2:
739 1110 796 1166 3.
855 1106 1108 1164 Exsilia
1128 1106 1196 1163 in
1216 1104 1441 1164 Chris-

410 1192 627 1250 tianos
675 1211 806 1249 non
854 1190 1187 1263 decrevit,
1239 1191 1440 1267 Apoc.

418 1279 514 1335 13:
562 1293 614 1332 ι.
679 1274 940 1332 Domini
981 1293 1215 1332 nomen
1257 1293 1440 1333 recu-

411 1357 623 1428 savit,
672 1359 817 1416 Aet.
863 1361 960 1417 25:
1007 1358 1108 1416 26.
1178 1356 1330 1416 Eius
1373 1365 1440 1416 et

409 1440 689 1502 Neronis
742 1442 828 1500 in·
863 1452 1163 1520 parentes
1209 1442 1438 1522 impie-

406 1535 545 1597 tas,
598 1524 780 1585 Rom.
823 1545 876 1585 ιε
924 1528 1026 1587 30.

332 1608 710 1672 ·Tibiarnm
778 1630 929 1668 usus
997 1611 1068 1668 in
1131 1610 1325 1668 luctu*
1372 1618 1439 1669 et

407 1694 632 1770 laetis,
665 1711 689 1754 1
726 1695 877 1753 Cor.
908 1706 1001 1763 14:
1029 1713 1091 1768 7.
1157 1693 1232 1753 ln
1259 1694 1437 1753 luctu

410 1779 578 1857 apud
621 1774 924 1853 ludaeos,
972 1777 1204 1839 Matth.
1236 1800 1296 1858 9:
1335 1797 1438 1861 23.

407 1862 682 1934 Quando
730 1864 1055 1943 coeperit,
1095 1864 1260 1922 ibid.

367 1943 705 2007 Tibicines
762 1948 833 2007 in
896 1947 1277 2013 ludaeorum
1335 1949 1436 2008 su-

404 2034 670 2091 neribns
730 2033 1026 2092 mercede
1085 2033 1433 2112 conducti,

402 2116 635 2176 Manli.
686 2108 782 2178 fl:
838 2134 934 2195 17.

363 2200 653 2280 Tigridis
737 2200 928 2259 fluvii
996 2220 1233 2259 nomen
1304 2197 1431 2260 He-

402 2286 706 2361 braeum,
757 2284 985 2345 Matth.
1030 2305 1128 2361 27:
1174 2288 1281 2360 57.

365 2369 623 2432 Timere
663 2392 784 2451 pro
823 2369 1126 2446 obedire,
1163 2366 1329 2447 Eph.
1366 2371 1426 2429 5:

361 2474 588 2600 ,133¹oe
654 2559 770 2618 pro
826 2534 1197 2597 reverentia
1257 2533 1425 2607 Dei,

404 2641 432 2684 1
499 2623 674 2683 Petr.
723 2638 779 2681 1:
832 2637 929 2693 17.
1016 2619 1242 2676 Timor
1303 2617 1424 2675 Dei

369 2728 514 2787 *pro
580 2724 738 2764 vera
799 2703 1158 2781 religione,
1223 2702 1426 2778 Apoc.

403 2804 500 2860 14:
540 2809 605 2862 7.
666 2786 853 2848 Solus
895 2795 1104 2865 potest
1149 2788 1423 2844 animam

397 2875 477 2934 ab
548 2872 953 2931 immunditia
1007 2879 1423 2950 temperare,

398 2959 585 3018 Rom.
602 2969 656 3038 3⁷:
675 2977 774 3031 27.
821 2956 1216 3035 Timor,per
1240 2975 1422 3035 quem
1463 2954 1669 3016 Tinea
1721 2964 1934 3017 vestes
1984 2960 2385 3020 commedere
2432 2960 2536 3022 di·

341 3093 344 3096 .
396 3044 609 3103 saluse
633 3042 1036 3114 incitat-‚non
1056 3049 1150 3100 est
1173 3042 1424 3100 alienus
1501 3040 1711 3115 citur,
1759 3041 1891 3100 Iac.
1934 3044 1995 3101 5:
2045 3061 2105 3101 2.
2386 3097 2393 3102 ,

398 3148 435 3186 a
470 3127 738 3208 gaudio,
779 3123 1008 3186 Matth.
1044 3128 1144 3185 28:
1182 3128 1243 3184 8.
1310 3125 1425 3183 Ti-
1461 3124 1744 3205 Tingere
1763 3147 1880 3205 pro
1900 3124 2532 3208 Baptizare,Matth.

392 3232 534 3272 mor
559 3212 835 3292 periculi
860 3219 924 3269 et
943 3210 1188 3269 laboris
1207 3208 1424 3270 vicina
1504 3229 1559 3289 3:
1609 3210 1671 3268 6.
2500 3243 2503 3246 -

393 3305 584 3367 sunt,
634 3293 795 3374 Eph.
844 3313 900 3373 3:
952 3314 1059 3374 13..
1459 3291 1935 3354 Tintinnabula
1992 3312 2186 3354 aurea
2240 3303 2308 3354 et
2353 3298 2530 3359 malt

352 3378 731 3441 Timotheus
819 3378 1040 3437 Pauli·
1072 3376 1421 3458 discipulus
1499 3380 1736 3458 punica
1774 3378 1844 3435 in
1880 3377 2170 3438 vestibus
2206 3378 2529 3442 Sacerdo-

385 3471 458 3524 ὀἱ
518 3464 591 3521 in
650 3463 891 3521 itinere
948 3482 1198 3535 comes,
1279 3463 1418 3521 Act.
1496 3464 1580 3520 tis
1615 3462 1832 3542 magni
1864 3462 2019 3541 quid
2042 3463 2530 3543 significarent,

395 3561 491 3618 14:
562 3567 586 3606 1
620 3591 640 3622 ,
718 3546 809 3607 16:
882 3564 907 3607 1
941 3592 959 3622 ,
1040 3541 1311 3606 Philem.
1364 3564 1423 3606 Ι.
1502 3545 1698 3605 Hebr.
1742 3551 1805 3607 52
1859 3559 1955 3617 14.

334 3663 339 3672 ·
391 3631 594 3694 Paulo
637 3652 672 3690 a
707 3631 915 3709 prima
953 3640 1160 3691 aetate
1210 3651 1245 3689 a
1289 3650 1414 3694 ms·
1458 3631 1783 3692 Tiridates
1836 3629 2003 3708 apud
2048 3630 2318 3712 effigiem
2365 3633 2529 3694 Cae·

389 3725 489 3778 tre
557 3718 1039 3776 commendatus
1068 3759 1088 3790 ,
1164 3732 1189 3777 1
1252 3715 1417 3773 Tim.
1496 3716 1660 3772 saris
1705 3717 1921 3795 posuit
1953 3715 2207 3795 insigne
2241 3710 2522 3800 regium,

396 3817 453 3864 12
502 3820 568 3875 2,
620 3820 655 3860 2
696 3801 869 3861 Tm.
916 3805 973 3862 3:
1031 3818 1129 3861 10.
1198 3800 1412 3871 Quan·
1499 3801 1702 3877 Apoc.
1745 3813 1807 3871 4:
1862 3815 1962 3858 10.

391 3885 475 3947 do
520 3886 791 3963 primum
850 3886 1051 3946 Paulo
1100 3883 1373 3943 adsuerit
1402 3930 1414 3950 ‚
1457 3883 1631 3943 Tisri
1666 3884 1903 3944 mensis
1937 3883 2166 3962 partim
2195 3904 2335 3943 cum
2364 3882 2526 3963 Sep·

391 3988 421 4033 1
460 3970 630 4028 Tim.
677 3986 731 4030 1:
778 3987 840 4029 2.
928 3966 1127 4029 Filius
1174 3988 1289 4027 cur
1339 3968 1416 4025 ab
1492 3968 1728 4027 tembri
1773 3967 2008 4046 partim
2057 3988 2199 4027 cum
2249 3968 2522 4029 Octobri

387 4055 699 4132 Apostolo
727 4063 1171 4132 nuncupatus,
1206 4069 1231 4113 1
1266 4050 1417 4112 Cor.
1499 4052 1840 4132 congruit,
1889 4053 2034 4114 Act.
2080 4071 2179 4126 27:
2225 4074 2285 4131 9.

386 4152 450 4209 4:
496 4152 564 4210 17
594 4180 609 4208 ,
660 4136 825 4198 Phil.
856 4158 914 4201 2:
954 4154 1069 4217 19,
1108 4137 1244 4195 Tit.
1274 4152 1326 4196 1:
1356 4149 1412 4207 4-
1455 4138 1709 4196 Titulus
1779 4138 1997 4208 crucis¹
2056 4135 2299 4216 Christi
2362 4134 2521 4214 quid

384 4223 439 4283 A
509 4218 710 4281 Paulo
771 4243 887 4283 cur
946 4222 1413 4293 circumcisus,
1495 4216 2388 4300 significaverit,'Matth.27:
2422 4240 2524 4302 37.

385 4305 547 4368 Luci
621 4318 721 4376 24:
787 4310 910 4383 28,
982 4305 1127 4365 Act.
1197 4305 1293 4366 16:
1359 4324 1414 4387 3.
1452 4303 1641 4365 Titus
1673 4303 2102 4387 cuiassuerit,
2132 4301 2375 4383 Ephe:
2403 4323 2519 4380 21¹,

387 4391 735 4458 A,comite
793 4391 1054 4451 itineris
1115 4388 1297 4450 Pauli
1343 4390 1415 4449 in
1494 4389 1631 4460 Tit,
1669 4408 1728 4451 1.
1794 4390 1846 4450 A
1891 4388 2092 4450 Paulo
2126 4390 2521 4450 constitutus

1195 4502 1202 4510 ·
1842 4479 1859 4498 ³
2364 4473 2523 4534 Cre-

1522 1017 1756 1078 charus
1795 1018 2350 1098 Philippensibus,
2387 1023 2552 1084 ibid.
2630 1042 2638 1059 ¹

1521 1101 2209 1165 Thessalonicensibus
2271 1127 2385 1165 cur
2437 1129 2553 1167 ae-

1518 1196 1899 1262 censeatur,
1969 1189 2115 1247 Act.
2181 1208 2281 1250 20:
2350 1205 2389 1261 4
2415 1236 2437 1266 ,
2508 1213 2550 1254 2

1520 1269 1751 1330 Thess.
1797 1271 2000 1351 praes.
2090 1274 2468 1336 Mittebatur
2511 1298 2550 1336 ι

1518 1354 1720 1414 Paulo
1763 1357 2036 1416 subinde
2077 1357 2157 1416 ad
2204 1360 2549 1420 Colossen-

1517 1460 1617 1498 ses
1646 1483 1665 1513 ,
1713 1439 1853 1500 Col.
1902 1458 1953 1501 1:
2005 1458 2061 1502 1.
2146 1442 2224 1502 111
2266 1445 2465 1509 ‚Italia
2502 1466 2546 1513 a

1516 1523 1717 1582 Paulo
1753 1525 2055 1602 relictus,
2082 1526 2176 1584 ibi
2211 1530 2544 1607 coniectus

1514 1608 1586 1667 in
1621 1609 1926 1685 vincula,
1954 1612 2067 1686 sed
2103 1631 2248 1670 mox
2281 1633 2542 1692 exemp-

1515 1699 1658 1766 tus,
1702 1693 2003 1772 inscript.
2046 1695 2147 1752 ad-
2174 1695 2369 1755 Hebr.
2457 1696 2545 1755 E-

1515 1774 1770 1855 phesini
1791 1780 2179 1860 presbyterii
2201 1782 2544 1860 Princeps,

1504 1852 1660 1920 'Act.
1696 1881 1795 1922 20:
1843 1880 1937 1941 17.
2004 1864 2126 1925 Per
2168 1865 2541 1944 prophetias

1512 1946 1849 2004 ordinatus
1896 1957 1960 2007 et
2005 1947 2360 2029 Episcopus
2403 1950 2544 2008 sac-

1509 2038 1646 2104 tus,
1704 2047 1728 2089 1
1780 2031 1946 2089 Tim.
1996 2049 2049 2093 1:
2100 2037 2198 2093 18.
2279 2035 2426 2113 Ipse
2473 2044 2540 2094 et

1508 2198 1622 2257 sed
1679 2209 1746 2257 et
1810 2200 2262 2280 Metropolitae
2309 2211 2537 2280 erant,

1508 2301 1548 2342 2
1608 2282 1777 2341 Tim.
1837 2303 1894 2343 2:
1951 2304 2007 2344 2.
2097 2286 2434 2345 Liberatus
2495 2304 2549 2347 a*

1509 2367 1883 2444 captivitate
1924 2367 2125 2426 Roma
2151 2370 2219 2426 in
2256 2370 2538 2430 Galliam

1503 2449 1868 2508 sorsaniter
1886 2451 2194 2523 instituit,
2215 2451 2414 2511 Hebr.
2434 2473 2458 2517 1
2473 2474 2537 2536 3:

1506 2550 1608 2592 21.
1700 2531 2042 2594 Timotheo
2075 2548 2139 2596 et
2169 2536 2346 2596 Silo&
2384 2560 2540 2615 pro-
2574 2560 2585 2566 ·

1480 2618 1727 2696 ‘pinqui
1788 2628 1977 2676 erant
2026 2620 2097 2679 in
2150 2621 2536 2683 Macedonia

1504 2701 1750 2780 aliquot
1814 2712 2003 2783 gente
2067 2697 2337 2781 Iudaei,
2405 2708 2537 2769 fide

1505 2785 1911 2861 Christiani,
1998 2799 2145 2867 post
2219 2789 2534 2871 Stephani

1505 2881 1774 2931 mortem
1799 2872 2026 2931 eodem
2054 2873 2348 2953 dispersi,
2370 2877 2535 2936 ibid.

1512 2112 1699 2172 Titus
1736 2135 1870 2174 non
1909 2113 2212 2195 Episcopi
2248 2127 2538 2196 tantum,
2664 2136 2669 2141 ·
