2779 5085
679 186 1073 263 RERUM
1160 219 1258 259 131·
1344 195 2011 268 VERBORUM.

2320 229 2456 280 101.

236 360 601 423 Fraenare.
653 380 777 440 pro
857 380 1082 439 regere
1106 403 1128 436 ,
1205 357 1334 419 Iac.
1370 354 1618 439 frigidi
1656 369 1722 421 et
1757 361 2005 423 fervidi
2035 364 2298 446 quinam
2320 391 2444 432 vo-

304 467 362 527 3³
413 465 473 527 3·

1402 453 1680 521 centur,
1727 445 1927 525 Apoc.
1973 468 2031 531 3:
2081 455 2180 513 15.

246 529 577 593 Fraenum
621 528 867 587 dicitur
907 526 1166 587 Graecis
1194 527 1331 606 pel·
1368 526 1630 588 Frontis
1705 550 2043 594 servorum
2111 537 2440 599 notandae

292 615 496 674 licula
578 612 841 694 linguae
921 612 1329 688 adhaerens,
1406 632 1543 671 mos
1587 633 1671 672 ex
1716 613 2031 695 Oriente,
2084 623 2288 701 Apoc.
2337 642 2437 704 13:

301 700 437 758 lac.
484 716 542 780 3:
596 717 658 780 3.

1412 696 1511 756 16.
1599 696 1837 761 Fronte
1894 704 2230 782 praeferre
2276 706 2446 767 dici-

245 782 643 864 Fragmenta
685 782 860 853 unde
917 779 1099 841 dicta
1119 823 1143 858 ,
1186 780 1333 840 Act.
1405 801 1551 840 mur
1578 782 1751 860 quod
1777 795 2000 865 aperte
2022 790 2438 871 profitemur,

298 889 357 929 23
406 882 511 937 42.

1411 865 1613 945 Apoc.
1664 866 1758 926 163
1813 887 1836 926 1
1850 909 1869 927 .

247 949 823 1013 francofurtensis
839 947 1331 1029 SynodnsSym-
1365 946 1635 1010 Fructus
1679 953 1885 1011 satori
1927 955 2107 1015 omni
2148 958 2293 1019 iure
2328 959 2445 1021 de-

291 1037 517 1096 bolum
562 1034 947 1113 Hieronymi
982 1035 1329 1113 approbat,

297 1120 537 1179 Matth.
582 1124 683 1181 28:
741 1138 836 1199 19.

251 1203 490 1265 Frater
531 1205 815 1284 benigna
845 1201 1195 1282 appellatio
1215 1221 1330 1281 pa-

291 1290 469 1350 rium
514 1290 690 1349 inter
736 1309 850 1364 se,
895 1285 1061 1366 Eph.
1103 1285 1165 1347 63
1211 1306 1280 1347 21
1308 1330 1328 1362 ,

299 1394 330 1440 1
386 1375 559 1433 Tim.
614 1377 677 1435 53
734 1393 791 1437 1.
880 1372 1005 1433 Pro
1065 1368 1329 1430 homine

291 1458 575 1539 quovis,
640 1456 870 1520 Matth.
928 1458 991 1515 53
1039 1474 1164 1531 22,
1226 1459 1327 1517 23.

298 1543 528 1604 Frater
572 1544 684 1621 qui
730 1543 868 1601 filia
911 1539 1148 1600 relicta
1191 1560 1329 1598 mo-

292 1628 467 1689 ritur
530 1647 665 1687 non
708 1632 1012 1686 censetur
1057 1623 1198 1685 sine
1243 1625 1327 1683 li-

297 1714 472 1772 beris
496 1721 817 1786 mortuus,
850 1707 1077 1769 Matth.
1102 1727 1199 1770 223
1225 1721 1328 1780 24.

298 1798 515 1869 Quare
562 1816 681 1856 nec
726 1796 799 1855 in
845 1794 973 1854 hoc
1018 1793 1119 1853 ius
1160 1793 1328 1854 levi-

1403 1035 1680 1110 bentur,
1726 1035 1887 1096 Luc.
1926 1058 2021 1121 173
2057 1059 2112 1099 1.
2166 1036 2440 1104 Fructus

1403 1119 1478 1178 in
1537 1121 1949 1182 matrimonio
2008 1134 2231 1205 partus
2279 1129 2443 1187 dici·

1403 1212 1552 1279 tur,
1600 1203 1782 1264 Rom.
1824 1219 1975 1286 734.
2021 1209 2438 1290 Apostolicus

1404 1288 1545 1367 quis
1590 1289 1947 1365 sit,‘Rom.
1997 1311 2052 1354 13
2105 1298 2204 1356 13.
2289 1297 2446 1355 Dis-

1405 1372 1687 1452 ciplinae
1702 1374 1947 1436 Christi
1955 1396 2116 1437 anae
2128 1379 2234 1458 qui
2254 1388 2445 1440 tran-

1402 1455 1791 1535 quillitatem
1840 1463 2282 1523 conscientiae
2326 1465 2445 1526 ad·-

1402 1542 1568 1616 fert‚
1598 1540 1796 1603 Hebr.
1826 1563 1922 1605 123
1959 1566 2058 1610 11.
2103 1546 2151 1606 F
2156 1548 2440 1610 alsorum

1403 1625 1868 1707 Prophetarum
1909 1630 2083 1709 quis,
2115 1632 2350 1691 Matth.
2374 1652 2435 1712 7:

1408 1709 1506 1769 16.
1563 1710 1900 1772 Fructuum
1938 1715 2203 1776 nomine
2238 1738 2441 1797 opera

1404 1794 1864 1876 designantur,
1909 1799 2145 1860 Matth.
2184 1821 2282 1881 13:
2319 1804 2438 1879 23,

294 1891 474 1941 ratus
531 1882 748 1940 locum
793 1879 1097 1939 habuisse
1142 1878 1327 1938 vide-
1400 1879 1653 1959 Eph.5:
1678 1902 1718 1961 9
1743 1925 1762 1957 ,
1804 1883 1938 1943 Iac.
1965 1887 2022 1945 3:
2057 1905 2157 1950 11·
2218 1885 2440 1946 Etiam

296 1975 435 2040 tur,
460 1965 626 2025 ibid.
670 1963 879 2025 Fratri
922 1963 1162 2022 Iudaeo
1193 1961 1329 2021 foe-
1403 1966 1693 2043 praemia
1712 1986 1975 2044 operum
1991 1970 2438 2052 designantur,

298 2050 450 2109 nori
487 2049 643 2110 dare
676 2050 934 2110 ludaeis
968 2049 1079 2108 lex
1110 2055 1325 2122 vetat,
1406 2050 1535 2108 lac:
1586 2052 1643 2110 3:
1697 2053 1797 2109 18.

301 2133 457 2193 Luc·
498 2134 558 2195 6:
608 2138 712 2196 35·

1361 2132 1409 2192 F
1413 2133 1723 2213 rugalitas
1770 2134 2021 2195 Christi
2059 2144 2128 2196 et
2161 2084 2443 2219 Aposto-
2545 2180 2548 2185 -

254 2215 513 2279 Fratres
559 2217 805 2277 Christi
836 2216 1141 2298 quinam,
1186 2216 1329 2277 Ioh.
1400 2219 1657 2294 lorum,
1704 2217 1848 2279 10h.
1889 2220 1952 2282 63
2001 2242 2063 2301 9.

304 2318 398 2382 193
451 2303 552 2364 16.
608 2302 867 2363 Fratres
906 2302 1061 2360 falsi
1104 2301 1325 2361 Chris·
1362 2301 1587 2382 Frugis
1665 2323 1792 2383 qua
1858 2308 2134 2365 maxime
2202 2305 2441 2366 alimur

150 2420 157 2437 ι
218 2444 223 2447 ,
293 2389 624 2447 tianorum
675 2388 937 2467 quinam
978 2387 1327 2463 dicantur,

296 2492 335 2534 2
384 2473 537 2532 Cor.
596 2491 691 2532 113
745 2470 848 2532 26.
955 2469 1211 2530 Fratres
1255 2470 1326 2529 in

297 2558 547 2619 Adamo
584 2578 798 2617 sumus
836 2577 1055 2617 omnes
1078 2601 1098 2632 ,
1133 2575 1157 2615 1
1190 2557 1328 2616 loh.

298 2661 355 2703 23
402 2665 467 2725 9.
529 2642 785 2703 Fratres
830 2650 900 2700 et
959 2660 1215 2700 sorores
1261 2662 1327 2701 se

299 2738 518 2786 mutuo
562 2727 893 2787 vocabant
930 2724 1326 2802 Christiani,

306 2831 335 2870 1
366 2812 516 2871 Cor.
538 2815 600 2872 53
635 2831 735 2876 11.
797 2810 994 2888 quue
1029 2809 1111 2869 ob
1155 2831 1328 2869 com·

296 2912 549 2956 munem
569 2894 1152 2976 regenerationem,
1175 2894 1325 2955 Phi-

298 2979 450 3040 lem.
496 2998 555 3038 1.
630 2981 843 3041 Etiam
887 2980 1192 3060 coniuges
1232 2979 1327 3038 sic

298 3086 365 3124 se
407 3064 779 3142 vocabant,
849 3082 873 3122 ι
927 3064 1077 3123 Cor.
1125 3083 1182 3143 7:
1234 3077 1329 3134 14.

300 3148 558 3208 Fratres
609 3171 724 3209 cur
764 3169 831 3208 se
884 3147 1165 3207 invicem
1210 3168 1325 3207 vo·

303 3235 540 3292 cabant
578 3235 798 3295 Iudaei
825 3279 847 3313 ,
910 3235 1056 3293 Act.
1102 3252 1201 3296 223
1245 3235 1325 3309 5,

306 3321 403 3378 283
452 3338 553 3378 21.
944 3343 949 3350 ·

263 3399 569 3463 Fraterne
614 3401 968 3463 admonitio
1008 3398 1324 3460 Christia-

301 3506 529 3546 norum
574 3488 769 3547 officii
811 3505 960 3568 pars
982 3530 1002 3562 ,
1029 3493 1097 3545 et
1120 3485 1328 3544 cuius-

1402 2407 1670 2466 maguus
1754 2408 2008 2469 semper
2085 2387 2294 2450 honos
2375 2398 2443 2450 et

1405 2472 1576 2552 apud
1617 2472 1891 2531 Iudaeos
1927 2482 1993 2533 et
2016 2475 2186 2554 apud
2214 2474 2446 2535 Chris-

1401 2559 1655 2634 tianos,
1705 2558 1835 2617 Iac.
1877 2560 1938 2619 5:
1987 2578 2049 2638 7.
2137 2559 2439 2642 Duplicis

1400 2641 1473 2700 in
1525 2639 1790 2703 homine
1838 2641 2229 2722 descriptio,
2280 2645 2441 2705 Luc.

1402 2728 1462 2786 83
1533 2746 1596 2805 7.
1691 2724 1917 2808 Frugis
1986 2728 2198 2790 bonae
2252 2727 2442 2790 'nihil

1401 2830 1486 2869 ex
1526 2812 1912 2890 pectandum
1941 2821 2040 2871 est
2070 2815 2150 2873 ab
2192 2835 2303 2890 eo,
2328 2814 2441 2893 qui

1404 2894 1687 2954 discedit
1729 2917 1763 2954 a
1792 2894 2039 2956 Christi
2074 2899 2437 2978 praeceptis

1402 2987 1468 3036 et
1550 2981 1896 3057 exemplo,
1983 2979 2125 3038 Ioh.
2209 2986 2303 3043 153
2373 2984 2440 3042 5.

1404 3059 1702 3141 1111811111Δ
1743 3062 1990 3121 Christi
2039 3065 2444 3143 colligenda-

1400 3151 1573 3206 rum‘
1607 3155 1856 3227 tempus
1902 3147 2160 3224 quando
2202 3150 2389 3207 venit
2413 3193 2435 3226 ,

1404 3229 1546 3290 Ioh.
1573 3250 1630 3309 73
1661 3230 1723 3289 6.
1786 3227 2062 3310 Frugum
2105 3239 2244 3290 tota
2282 3253 2442 3290 con-

1403 3314 1611 3396 geries
1653 3316 2103 3375 sanctificatur
2146 3336 2263 3394 per
2305 3317 2444 3395 pri-

1402 3400 1617 3459 mitias
1640 3444 1659 3476 ,
1706 3399 1871 3480 Eph.
1905 3420 1963 3461 23
2002 3399 2065 3460 6.
2126 3400 2439 3483 Frugibus

1400 3494 1860 3565 comparantur
1905 3505 2105 3565 opera
2145 3486 2436 3567 pietatis,

299 3571 512 3629 modi·
553 3592 692 3632 eam
738 3591 914 3632 ·esse
983 3578 1327 3651 oporteat,
1404 3568 1604 3629 Hebr.
1649 3569 1708 3633 63
1755 3590 1817 3650 7.

302 3654 531 3714 Matth.
581 3660 677 3715 18:
726 3653 824 3717 15.

1362 3651 1408 3712 F
1411 3654 1607 3712 tuitio
1630 3662 1843 3715 tactus
1868 3672 2031 3714 voce
2057 3654 2438 3734 denotatur,

264 3735 714 3799 Frater-nitatis
793 3739 1107 3800 memoria
1170 3736 1325 3817 quid
1402 3736 1543 3797 Ioh.
1588 3755 1688 3798 203
1743 3757 1841 3817 17.

303 3823 528 3884 debeat
605 3825 907 3905 operari,
987 3846 1025 3885 2
1095 3823 1327 3886 Thess.
1362 3820 1535 3901 Fuga
1575 3841 1708 3880 non
1751 3840 1999 3901 semper
2035 3820 2301 3900 pavoris
2336 3821 2440 3881 in-

300 3911 357 3969 3:
412 3912 509 3970 15.

1405 3903 1644 3964 dicium
1713 3915 1858 3982 est,
1937 3906 2095 3966 Luc.
2162 3919 2263 3976 243
2339 3910 2440 3965 28.

260 3988 607 4052 Frictrices
654 4011 975 4072 quaenam·
1011 3991 1328 4053 foeminae
1404 3988 1805 4068 Quandoque
1835 3989 2022 4049 licita
2047 3998 2177 4061 est,
2206 3990 2440 4052 Matth.

274 4077 714 4221 -Tertssulliano
804 4077 1012 4137 dictae
1036 4119 1058 4153 ,

303 4179 353 4222 13
405 4181 443 4224 2
493 4202 511 4221 .

1147 4075 1328 4136 Rom.
1410 4092 1504 4135 103
1572 4077 1696 4149 23,
1773 4093 1865 4136 123
1937 4077 2038 4135 15.
2128 4073 2298 4155 Fuga
2362 4097 2437 4134 ac

1401 4159 1642 4221 furtum
1667 4159 2018 4226 coniuncta
2035 4181 2172 4219 esse
2190 4162 2403 4220 solent
2421 4206 2436 4234 ,

261 4244 483 4327 Frigus
529 4246 759 4326 quibus
795 4264 882 4304 ex
922 4243 1133 4305 causis
1168 4244 1324 4304 oriri
1404 4242 1676 4304 Philem.
1723 4262 1820 4304 11.
1912 4242 2121 4326 Fugae
2164 4244 2439 4324 impedi-

296 4339 363 4389 et
423 4330 641 4413 augeri
702 4329 954 4408 soleat,
1021 4329 1169 4390 Act.
1225 4346 1324 4411 273
1403 4337 1623 4388 menta
1663 4347 1897 4410 magna
1935 4338 2087 4388 sunt
2127 4330 2313 4409 parvi
2356 4329 2442 4386 li-

302 4433 361 4474 2.

1404 4413 1589 4490 beri,
1637 4413 1868 4475 Matth.
1914 4426 2011 4486 24:
2067 4425 2161 4493 19.
2228 4411 2439 4491 Fugae

1679 4498 1739 4557 'G
1765 4501 1803 4561 3
2239 4515 2432 4576 prae-
