2779 5085
671 178 1070 297 1111111311
1157 250 1256 296 n
1327 188 2083 299 ἰ’1111110111111.Χ
2315 257 2443 325 253

305 388 508 455 mitur
532 412 650 474 pro
675 410 712 452 a
735 412 861 472 quo
879 437 899 468 ,
919 392 1332 469 Marc.4=15,
1407 391 1621 454 Unum
1664 414 1785 476 pro
1837 394 2133 458 omnibus
2155 442 2178 475 ,
2243 419 2439 480 quam

307 479 456 541 Act.
517 481 614 540 13:
672 470 776 537 ni.
862 476 988 538 Pro
1030 497 1117 538 ex
1164 477 1334 559 quo,
1412 496 1634 559 omnes
1724 499 1842 558 pro
1942 500 2079 541 uno
2165 483 2445 544 interire

310 563 493 622 Rom.
540 578 599 622 2:
650 559 748 619 16.
899 630 902 633 .
1159 602 1160 607 κ
1411 562 1673 642 quando
1734 561 1960 622 melius
2020 565 2108 625 sit
2156 576 2223 626 et
2261 568 2452 628 iusti-

262 645 599 707 Undecim‘
641 665 876 704 nomen
936 643 1201 725 collegii
1253 645 1337 705 A·
1413 667 1487 706 us
1514 691 1535 722 ,
1570 644 1726 706 loll.
1759 666 1853 706 11:
1896 651 2002 708 50.
2086 649 2296 710 Unum
2339 671 2452 711 co-

298 729 703 876 pofltolorum
728 772 749 804 ,
815 728 976 790 Iuda
1043 729 1342 806 sublato,
1415 732 1553 830 iere
1591 733 1799 829 peum
1841 739 1908 789 et
1945 733 2191 876 gemini
2230 735 2455 879 facer}

342 837 381 874 o
434 854 452 873 .
493 832 594 874 20:
645 825 747 884 24.
1417 835 1726 876 iniuriam
1835 834 1950 893 gra
2001 836 2074 875 us
2174 826 2278 878 est
2367 840 2408 879 a
2516 890 2523 897 ‚

263 897 731 981 Ungendorum
767 904 1167 957 mortuorum
1198 914 1344 957 cor·
1420 897 1984 960 Christianismum
2011 944 2043 975 ,.
2079 900 2229 963 Act.
2265 922 2361 983 ¹7²
2389 916 2459 974 4.

303 1001 532 1065 porum
601 1001 737 1040 mos
814 981 1297 1061 antiquissimus
1321 1025 1342 1057 ,
1376 982 1711 1044 Vocabula
1758 983 1836 1043 de
1892 984 2189 1044 externis
2245 988 2459 1045 sensi-

311 1063 545 1129 Matth.
589 1065 690 1126 26:
741 1083 839 1125 12.
1417 1066 1540 1127 bus
1604 1076 1979 1128 mutuantur
2040 1066 2327 1133 Hebraei
2373 1069 2458 1130 ad

263 1146 679 1231 Unguentum
694 1147 804 1209 ubi
823 1147 1182 1229 appelletur
1195 1149 1342 1230 Spi-
1419 1151 1884 1232 significandos
1963 1171 2185 1212 sensus
2248 1156 2462 1214 inter-

195 1284 198 1289 .
308 1234 473 1296 ritus
511 1233 830 1309 Sanctus,
883 1251 907 1291 1
942 1231 1168 1292 Thess.
1192 1247 1254 1304 4:
1282 1254 1343 1313 9.
1417 1257 1578 1312 nos,
1648 1253 1675 1294 1
1729 1235 1905 1297 Petr.
1967 1252 2026 1296 2:
2091 1241 2154 1300 3.
2243 1237 2460 1298 Voca-

310 1319 658 1398 Unguento
707 1317 976 1397 figurate
1014 1317 1174 1396 quid
1213 1318 1344 1399 sig·
1408 1319 1570 1380 *bula
1610 1321 1957 1401 peregrina
2003 1323 2081 1380 ab
2129 1323 2462 1403 interpre-

308 1402 607 1462 nificetur
633 1445 654 1476 ,
697 1412 736 1460 ‘1
763 1400 906 1461 Ioh.
950 1420 1006 1462 2:
1050 1420 1152 1461 20.
1205 1402 1344 1461 Un-
1417 1404 1590 1463 tibus
1636 1424 1827 1485 saepe
1875 1406 2174 1485 servari,
2222 1406 2463 1473 Matth.

310 1496 545 1568 guento
582 1485 734 1544 olim
767 1485 1193 1546 sacrabantur
1217 1485 1345 1545 Re·
1417 1487 1726 1567 inscript.

306 1592 413 1652 ges
504 1577 571 1629 et
657 1569 1045 1629 Sacerdotes
1072 1615 1093 1647 ,
1181 1570 1345 1629 ibid.
1377 1570 1635 1630 Vocare
1676 1570 1972 1648 nomine,
2016 1574 2267 1652 signum
2312 1598 2467 1656 per-

309 1655 654 1734 Unguento
686 1654 961 1713 odorato
987 1655 1345 1734 ungebatur
1417 1655 1628 1715 fectae
1679 1655 1996 1735 notitiae,
2062 1657 2202 1716 Ioh.
2256 1679 2352 1719 10:
2396 1663 2462 1722 3.

305 1757 590 1810 summus
641 1737 961 1798 Sacerdos
1015 1737 1188 1817 apud
1240 1739 1342 1800 Iu·
1420 1738 1669 1798 Vocare
1709 1748 1776 1800 et
1814 1741 2042 1800 vocari
2079 1742 2234 1821 quid
2268 1738 2462 1823 saepe

257 1842 260 1845 ·
313 1824 508 1882 daeos
535 1865 555 1897 ,
605 1840 643 1882 2
682 1821 834 1882 Cor.
876 1841 934 1882 2:
988 1834 1085 1892 14.
1281 1827 1300 1845 ‘
1424 1821 1737 1883 Hebraeis
1768 1867 1789 1898 ,
1835 1823 2024 1884 Rom.
2058 1839 2268 1906 [μ’-17.
2328 1826 2461 1885 Vo-

264 1905 669 1987 Ungularum
712 1906 1010 1965 fissarum
1054 1905 1124 1963 in
1174 1907 1347 1988 Lege
1424 1906 1618 1965 candi
1668 1907 1893 1966 modus
1936 1909 2166 1989 plenus
2214 1911 2464 1990 gloriae

306 1992 451 2071 quis
502 1990 816 2072 mysticus
859 2010 1118 2065 seusus,
1166 1991 1349 2053 Rom.
1422 2000 1489 2051 et
1544 1990 1921 2071 potentiae,
1984 2012 2022 2053 2
2069 1993 2244 2055 Petr.
2295 1992 2348 2055 li
2401 2013 2464 2055 2.

310 2095 369 2136 2:
426 2076 523 2135 18.
1424 2074 1666 2134 Vocari
1703 2096 1739 2133 a
1776 2077 1915 2135 Deo
1950 2098 2085 2136 non
2123 2079 2329 2138 solum
2364 2089 2465 2138 est

267 2158 630 2239 Ungenitus
693 2155 837 2237 quis
917 2167 1347 2236 cognomento
1426 2179 1624 2239 epus,
1688 2160 1802 2220 sed
1871 2162 2063 2221 etiam
2132 2162 2329 2224 fidem
2388 2165 2462 2222 in

304 2251 582 2306 vocatus
627 2243 973 2316 credatur,
1025 2241 1257 2302 Matth.
1283 2248 1344 2305 5:
1419 2242 1767 2304 vocatione
1816 2255 2180 2325 praestare,
2228 2265 2250 2305 1
2286 2248 2463 2306 Tim.

306 2331 413 2390 31.
503 2324 865 2406 Ungeuitus
936 2327 1060 2385 Dei
1109 2327 1349 2387 dicitur
1430 2347 1483 2388 ιε
1538 2347 1634 2389 12.
1720 2328 1928 2388 Vocat
1962 2330 2140 2390 Deus
2165 2351 2282 2411 per
2306 2352 2464 2411 pro-

313 2410 610 2472 Christus
653 2418 728 2469 et
759 2409 1031 2490 populus
1083 2411 1346 2472 Israeli·
1423 2412 1657 2487 missa,
1705 2412 1894 2472 Rom.
1934 2434 1994 2494 9:
2033 2422 2130 2474 1‘1.
2187 2412 2459 2492 Vocati,

312 2496 479 2556 ticus
506 2538 527 2572 ,
578 2491 780 2554 Hebr.
828 2512 922 2554 11:
949 2492 1073 2555 26.
1424 2496 1541 2557 sub
1577 2496 1786 2577 ipsam
1822 2517 2060 2559 coenae
2089 2497 2315 2559 horam
2341 2499 2466 2560 ite-
2525 2508 2531 2513 ’

266 2580 502 2641 Unitas
568 2588 727 2638 nota
786 2586 888 2639 est
931 2578 1078 2639 veri
1118 2578 1345 2639 Numi·
1420 2602 1565 2640 rum
1589 2582 2024 2660 vocabuntur,
2056 2584 2214 2662 Luc.
2241 2598 2334 2656 14:
2363 2605 2462 2663 17.

308 2665 456 2743 nis,
500 2664 706 2725 Marc.
748 2684 841 2726 12:
888 2681 991 2743 29.
1056 2663 1344 2725 Unitatis
1421 2664 1653 2724 Vocati
1698 2667 1780 2726 ad
1822 2667 2016 2727 fidem
2059 2689 2279 2729 omnes
2319 2668 2465 2748 qui-
2573 2735 2581 2743 .

194 2807 204 2813 o
253 2770 258 2774 ·
306 2750 481 2809 inter
504 2746 912 2808 Christianos
937 2745 1136 2808 mirae
1158 2770 1343 2828 prae·
1418 2750 1537 2809 bus
1610 2752 2038 2816 annuntiatur
2108 2753 2464 2835 Euangeli-

279 2833 592 2914 'sagium,
626 2831 773 2893 Ich.
812 2847 912 2891 21:
947 2847 1047 2891 11.
1091 2832 1342 2891 Unitati
1417 2853 1522 2891 um
1549 2876 1568 2907 ,
1619 2854 1659 2894 2
1698 2834 1930 2895 Thess.
1971 2840 2033 2899 3:
2075 2858 2147 2900 2.-
2222 2836 2461 2897 Vocati

309 2918 485 2978 dona
548 2936 688 2998 sua
736 2914 1035 2997 promisit
1121 2918 1296 2975 Deus
1324 2960 1342 2991 ,
1420 2935 1635 2975 sumus
1682 2918 1764 2975 ad
1804 2919 2080 2997 gloriam
2124 2930 2453 2981 aeternam

306 3002 456 3063 Act.
523 3021 581 3062 2:
651 3019 704 3078 1.
812 2998 1143 3057 Unitatem
1213 3001 1344 3060 suis
1420 3020 1538 3077 per
1585 2998 1957 3076 Christum,
2007 3022 2031 3062 1
2066 3004 2240 3064 Petr.
2262 3008 2323 3066 5:
2358 3024 2457 3065 10.

309 3082 790 3145 commendavit
855 3081 1200 3158 Christus,
1281 3093 1346 3144 et
1417 3082 1647 3142 Vocati
1711 3103 1925 3142 sumus
1992 3084 2119 3145 hac
2181 3090 2323 3168 lege
2384 3099 2458 3148 ut
2526 3125 2534 3131 -

303 3170 613 3232 vitandos
660 3189 798 3228 esse
843 3167 1076 3227 multos
1118 3168 1344 3228 docto-
1420 3166 1863 3226 conscientiae
1885 3173 2316 3229 causaomnia
2338 3172 2457 3230 du-

239 3279 250 3289 ‘
302 3275 407 3314 res
436 3298 455 3329 ,
509 3274 532 3312 1
584 3254 737 3313 Cor.
784 3269 836 3313 1:
892 3255 988 3313 13.
1159 3323 1162 3328 ᾖ
1417 3272 1492 3311 ra
1519 3247 2004 3326 sustineremus,
2035 3273 2059 3313 1
2089 3254 2457 3317 Petr.2:21.

261 3337 741 3399 Universitates
822 3356 1043 3396 omnes
1111 3335 1342 3418 mysti-
1375 3336 1654 3395 Vocatio
1700 3337 2196 3415 supercoelestis
2221 3359 2337 3397 cur
2358 3340 2455 3400 ita

306 3444 448 3481 cam
494 3422 814 3502 quandam
865 3442 1208 3500 personam
1241 3421 1336 3480 fa·
1419 3421 1635 3498 dicta,
1685 3418 1884 3482 Hebr.
1932 3426 1990 3485 3:
2032 3440 2089 3484 1.
2174 3419 2449 3484 Vocatio

308 3508 533 3581 ciunt,
588 3507 781 3587 Apus.
836 3522 929 3566 11:
980 3508 1044 3567 3.
1415 3514 1514 3565 est
1556 3506 1795 3566 electio
1853 3509 2164 3585 quaedam
2194 3553 2212 3581 ,
2283 3507 2453 3588 Eph.

259 3589 653 3650 Universum
723 3587 1036 3649 Hebraeis
1105 3588 1340 3649 dicitur
1423 3597 1565 3660 ¹²⁰4·
1628 3589 1903 3650 Vocatio
1937 3595 2059 3653 Dei
2092 3592 2453 3653 obsistendi

191 3700 208 3706 ,
309 3674 560 3733 coelum
602 3684 670 3735 et
715 3682 936 3749 terra,
983 3673 1127 3734 1011.
1168 3693 1219 3735 1:
1268 3691 1290 3731 1
1321 3720 1340 3750 ,
1415 3673 1766 3754 potentiam
1832 3695 1965 3735 non
2024 3678 2241 3750 tollit,
2307 3678 2454 3737 Act.

308 3759 456 3820 Act.
508 3771 569 3829 4:
629 3772 752 3834 24,
821 3775 859 3816 2
905 3758 1080 3819 Petr.
1127 3762 1186 3820 3:
1242 3762 1342 3820 13.
1420 3758 1521 3817 26:
1577 3776 1671 3837 19.
1757 3758 2306 3820 Extraordinaria
2347 3781 2454 3820 re-
2522 3833 2529 3840 ·

307 3843 702 3905 Universum
760 3840 889 3900 hoc
950 3863 1067 3901 cur
1113 3842 1337 3902 condi·
1414 3842 1622 3901 fertur
1668 3842 1751 3900 ad
1796 3864 2104 3904 summam
2160 3844 2280 3902 Dei
2329 3844 2454 3903 mi·-

304 3937 439 3987 tum
468 3972 498 4000 ,A
552 3936 616 3987 et
672 3927 933 4007 quinam
999 3926 1127 3986 hoc
1184 3948 1340 3988 vere
1416 3925 1842 3987 sericordiam
1868 3972 1887 4003 ,
1929 3928 2087 3987 Luc.
2117 3930 2301 4005 1:78.
2346 3927 2451 3990 Ex

304 4012 729 4094 possideant,
803 4027 829 4069 1
898 4010 1049 4070 Cor.
1112 4015 1171 4072 3:
1241 4032 1338 4072 22.
1416 4029 1594 4068 mera
1648 4012 1860 4088 gratia
1902 4013 2048 4071 fons
2096 4022 2194 4072 est
2240 4015 2447 4074 omnis

304 4096 616 4157 Universi
644 4093 913 4176 partitio
933 4102 999 4154 et
1021 4096 1338 4171 membra,
1415 4094 1571 4154 boni
1595 4137 1614 4168 ,
1653 4095 1794 4154 Iud.
1841 4115 1921 4176 1.μ
1986 4095 2263 4156 Vocatio
2298 4118 2454 4157 nos·
2538 4113 2541 4122 ¹

307 4179 510 4240 Hebr.
562 4198 659 4242 11:
710 4183 770 4242 3.
1414 4188 1520 4238 tra
1601 4180 1741 4239 Deo
1818 4179 1999 4240 Patri
2066 4191 2141 4240 ut
2220 4202 2451 4243 causae

268 4263 451 4323 Un'us
515 4263 770 4326 Iudaeis
840 4261 1078 4322 dicitur
1153 4262 1341 4321 modo
1417 4263 1703 4344 principi
1739 4264 2168 4341 adscribitur,
2223 4285 2245 4324 1
2280 4265 2456 4328 Petr.

257 4423 261 4426 -
305 4350 506 4424 Deus,
530 4350 718 4409 modo
742 4346 1342 4424 Abraham,Matth.
1426 4367 1476 4407 ιε
1512 4350 1608 4408 15.
1664 4346 1936 4409 Vocatio
1983 4349 2339 4409 Christiani
2382 4352 2454 4409 in

305 4435 367 4494 5:
407 4437 481 4496 31
506 4479 529 4513 ,
581 4452 678 4516 19:
714 4450 830 4517 17,
879 4430 1078 4495 Hebr.
1112 4448 1209 4493 11:
1244 4447 1341 4516 12.
1411 4421 1677 4495 vdecreto
1723 4441 1789 4495 et
1831 4444 2149 4515 actuque
2191 4434 2448 4578 teugaltl,
2534 4471 2541 4474 -

2340 4538 2382 4599 p
2433 4563 2452 4581 .
