2779 5085
573 264 578 279 ·
671 234 1053 301 RERUM
1141 256 1240 298 1:⁸1·
1319 233 1995 311 VERBORHM.

2278 262 2423 329 ’243

231 394 524 457 Τιποὶοἰ
553 396 761 476 Regni
803 397 1017 459 exitus
1036 441 1060 477 ‚
1108 398 1312 479 Apoc.
1345 393 1558 454 Vallia
1627 395 1907 456 filiorum
1972 397 2286 462 Hin'nomi
2309 447 2333 481 ,

279 500 377 542 203
425 502 487 560 9.

1383 478 1616 540 Matth.
1658 483 1720 540 5:
1770 500 1870 541 22.
1902 528 1924 553 5

232 564 601 644 Turpitudo
639 571 890 640 manet,
918 562 1057 625 abit
1077 566 1310 647 volup·
1343 564 1631 625 Vanitan.
1664 564 1807 643 ipsa
1850 586 1915 623 se
1956 564 2229 647 detegit,
2274 571 2417 633 Ioh.

271 657 416 723 tas,
464 650 624 708 Luc.
672 652 767 709 15:
821 662 916 719 14.
1004 650 1311 731 Turpitu-
1383 652 1443 710 3:
1503 667 1605 726 27.
1695 648 1992 707 Vanitati
2058 654 2417 715 subiectum

275 734 449 794 dinis
496 753 649 792 suae
697 734 1165 795 conscientiam
1205 735 1307 796 fu·
1383 752 1500 793 cur
1546 732 1800 792 dicatur
1848 741 2048 792 totum
2096 734 2221 795 hoc
2265 742 2418 799 uni-

276 818 464 898 giuut
508 818 705 893 mali,
752 816 890 877 1011.
933 821 989 879 33
1038 837 1171 891 2ο.

1381 837 1682 892 versum,
1735 816 1917 875 Rom.
1961 820 2019 876 83
2076 837 2170 898 19.

224 901 508 960 Tuscum
531 903 831 981 iurgium,
852 901 1309 974 Manli-21:24.
1340 900 1562 960 Vanus
1605 921 1737 960 vox
1775 899 2029 983 Latinis
2070 907 2308 964 usitata
2344 909 2416 966 in

227 986 469 1047 Tutela
550 987 943 1045 monumenti
1012 1008 1175 1066 quae
1243 996 1309 1047 et
1384 983 1727 1059 convitiis,
1760 984 1989 1045 Matth.
2014 986 2198 1048 53“22.
2245 989 2417 1050 Vani

183 1106 188 1107 ff
269 1073 480 1150 qualis
546 1073 742 1144 olim,
806 1069 1035 1130 Matth.
1099 1074 1196 1132 283
1244 1089 1305 1132 2.
1379 1069 1614 1128 merito
1637 1079 1957 1128 vocantur
1980 1071 2085 1148 qui
2113 1092 2413 1155 vanaspe
2500 1087 2509 1097 '

270 1155 544 1218 Tutelae
572 1155 896 1226 definitio,
921 1155 1146 1214 Matth.
1167 1157 1303 1233 839.
1377 1173 1444 1212 ae
1473 1152 1721 1211 lactant
1744 1196 1760 1224 ,
1790 1153 1923 1214 lac.
1949 1172 2004 1212 2:
2038 1173 2140 1214 2ο.
2198 1157 2414 1219 Vanos

229 1237 563 1318 Tychicua
619 1238 793 1296 cuias
846 1236 1083 1311 fuerit,
1135 1237 1302 1318 Eph.
1373 1248 1616 1299 vocare
1649 1234 1923 1296 solemus
1958 1259 2068 1299 eoa
2098 1240 2204 1319 qui
2234 1254 2418 1302 men-
2499 1268 2504 1291 ι

266 1323 328 1383 63
360 1342 461 1382 21.
530 1322 711 1382 Pauli
748 1334 1033 1381 comesa
1061 1324 1302 1383 Iudaea
1375 1321 1569 1380 daces
1617 1330 1810 1400 aunt,
1858 1331 1924 1382 et
1965 1324 2120 1401 cur,
2168 1344 2208 1385 2
2260 1327 2416 1388 Cor·

267 1406 536 1466 Romam
560 1451 578 1482 ‚
616 1416 681 1466 et
717 1407 796 1466 ab
821 1427 896 1466 eo
932 1427 1104 1466 nunc
1133 1407 1299 1485 huc,

1379 1423 1434 1465 1:
1488 1423 1585 1482 17.

261 1510 441 1550 nunc
488 1491 650 1550 illuc
696 1491 1119 1570 mittebatur,
1167 1492 1301 1550 Tit.
1334 1487 1680 1548 Variarum
1727 1489 2085 1549 lectionum
2129 1492 2415 1573 antiqui-

266 1578 326 1636 3:
372 1593 467 1635 12.
536 1575 834 1655 Tychico
868 1576 1088 1654 quales
1124 1575 1300 1634 tituli
1375 1581 1511 1646 tae,
1557 1571 1790 1633 Matth‘.
1830 1591 1923 1651 193
1971 1592 2078 1648 17,
2122 1593 2222 1639 203
2266 1597 2389 1639 22.-

267 1659 405 1717 dati
449 1679 485 1717 a
529 1660 773 1734 Paulo,
821 1677 846 1718 1
897 1657 1127 1718 Thess·
1154 1663 1211 1721 3:
1241 1678 1301 1719 2.
1332 1655 1506 1714 Vasa
1564 1655 1704 1714 irae
1749 1657 2012 1734 quinam
2044 1657 2413 1738 dicantur,

223 1741 452 1822 Typus
494 1758 834 1822 quaevox
875 1750 939 1801 et
978 1741 1130 1820 quid
1176 1743 1298 1818 sit,
1377 1741 1561 1799 Rom.
1621 1762 1680 1820 9:
1739 1759 1840 1800 22.
1924 1738 2098 1800 Vana
2159 1744 2416 1804 miseri-

270 1825 413 1888 Ioh.
434 1845 532 1888 20:
559 1830 669 1902 25,
697 1845 717 1884 1
745 1826 1086 1886 Cor.1o:6.
1128 1827 1297 1906 Typi
1376 1825 1640 1885 cordiae
1721 1826 1982 1903 quinam
2060 1825 2363 1895 dicautur
2384 1873 2411 1908 ,

260 1910 503 1990 legales
575 1930 814 1973 rerum,
854 1911 970 1969 sub
1039 1910 1299 1970 Christo
1375 1907 1560 1967 Rom.
1603 1929 1663 1988 9:
1714 1912 1816 1969 23.

258 1994 627 2055 futurarum
671 2014 753 2058 ex
794 1993 1109 2076 institutis
1132 2037 1153 2070 ,
1194 2015 1299 2054 re-
1332 1991 1730 2051 Vaticinium
1761 1992 1838 2052 de
1863 1989 2135 2054 interitu
2157 1994 2414 2075 Templi
2502 2036 2513 2039 -

227 2074 380 2141 'bus
426 2080 623 2158 gestio
673 2087 741 2139 et
781 2079 1024 2161 signis,
1068 2078 1299 2139 Matth.
1372 2085 1440 2137 et
1503 2075 1927 2155 Reipublicae
1974 2078 2354 2147 Iudaeorum
2383 2123 2406 2158 ‚

229 2204 232 2207 ·
267 2184 321 2224 1:
372 2182 473 2224 22·

1376 2159 1572 2221 Hebr.
1612 2164 1821 2241 8:13.
1909 2159 2245 2221 Vaticinia
2291 2165 2411 2224 ob-

220 2233 574 2327 Tyraunus
634 2267 871 2307 nomen
918 2245 1245 2326 proprium
1275 2287 1295 2322 ,
1372 2245 1620 2305 scuriua
1680 2245 1996 2326 proponi,
2058 2253 2122 2307 et
2166 2267 2408 2326 quare,

262 2335 412 2394 Act.
447 2352 541 2411 193
571 2351 633 2409 9.
700 2333 999 2411 Tyranni
1045 2331 1291 2390 nullum
1372 2328 1604 2389 Matth.
1651 2333 1746 2394 133
1802 2347 1897 2390 10.
1980 2330 2130 2391 Alia
2176 2332 2409 2391 obscu-

257 2414 652 2476 momentum
710 2416 994 2479 immune
1044 2436 1080 2474 a
1124 2424 1292 2476 metu

256 2499 504 2570 habent
528 2544 548 2576 ‚
616 2499 848 2560 Matth.
919 2513 1013 2571 143
1087 2517 1122 2558 2
1147 2538 1186 2575 ,-
1233 2503 1294 2561 3.

262 2584 595 2665 Tyrannio
628 2606 777 2644 raro
804 2584 1108 2644 dicuntur
1130 2603 1292 2664 quae

259 2670 485 2730 audire
519 2689 629 2730 eoa
661 2689 793 2729 non
816 2669 1033 2747 iuvat,
1060 2668 1294 2730 Matth.

267 2767 362 2824 143
416 2773 470 2813 1.
1179 2797 1182 2806 ,

216 2838 414 2918 Tyrii
431 2843 494 2898 et
509 2835 767 2898 Sidonii
784 2835 1090 2899 Romanis
1106 2844 1294 2895 erant

259 2923 545 2998 subditi,
590 2920 703 2982 sed
744 2920 861 2980 cub
900 2920 1132 2979 umbra
1172 2919 1292 2978 ali-

201 3047 212 3060 ·
254 3028 380 3086 qua
426 3005 795 3078 libertatis„
848 3005 990 3064 Act.
1043 3021 1139 3070 123
1192 3017 1292 3063 2ο.

257 3091 612 3171 Tyriorum
649 3099 714 3150 et
744 3089 1162 3149 Sidoniorum
1198 3088 1290 3146 le-

258 3177 433 3257 gatio
457 3177 538 3236 ad
564 3174 879 3237 Herodem
896 3219 915 3250 ,
937 3173 1099 3235 ibid.
1135 3171 1290 3233 Eius

253 3261 603 3343 legationis
646 3280 880 3337 causa,
920 3258 1087 3322 ibid.
1287 3267 1291 3272 ’

704 3426 789 3488 V.

214 3593 402 3656 Vade
419 3596 492 3655 in
515 3596 713 3671 Pace,
733 3594 905 3655 idem
925 3594 1098 3674 quod
1118 3594 1291 3655 bono

203 3741 208 3750 L
261 3680 478 3739 animo
523 3689 700 3756 estc,
747 3679 889 3740 Iob.
931 3694 991 3750 43
1039 3683 1145 3740 5ο.
1243 3729 1248 3732 ,
1290 3730 1294 3733 ,

212 3762 352 3824 Vae
378 3765 699 3823 interdum
728 3765 1062 3840 minantis,
1083 3763 1293 3828 inter-

258 3850 408 3909 dum
454 3849 864 3909 condolentis
906 3858 1047 3927 eat,
1089 3849 1293 3930 Apoc-

263 3936 358 3996 18:
419 3949 515 3992 10.
626 3989 629 3998 ,

213 4015 828 4078 Valentinianorum
858 4024 923 4077 et
946 4015 1292 4078 Basilidia-

256 4124 492 4163 norum
554 4102 738 4181 origo
801 4108 865 4161 et
931 4102 1203 4179 dogma,
1263 4120 1285 4160 1

220 4186 428 4262 (Tim.
478 4206 531 4247 13
574 4200 655 4262 4,
701 4204 737 4244 2
781 4186 952 4245 Tim.
993 4205 1053 4246 23
1108 4190 1203 4245 18.

119 4329 124 4334 ,
214 4269 483 4332 Valeria
540 4279 819 4330 mactata
864 4269 1036 4351 quod
1082 4270 1293 4330 nol-let

255 4356 359 4415 de*
400 4351 791 4435 idolothytis
850 4355 1242 4418 manducare
1268 4400 1289 4433 ,

250 4458 290 4498 ἲ1
345 4440 495 4499 Cor·
538 4442 618 4500 82*
655 4458 710 4500 1.

1370 2413 1549 2490 rius,
1576 2414 1706 2473 alia
1743 2414 1982 2479 clarius
2014 2415 2192 2477 e'dita
2224 2424 2406 2477 certo
2502 2428 2505 2437 ²

1369 2498 1496 2559 Dei
1537 2498 1853 2575 consilio,
1899 2496 2132 2562 Matth.
2167 2496 2264 2571 243
2309 2503 2409 2562 15.

1367 2581 1676 2644 Veterum
1711 2582 2172 2663 Prophetarum
2211 2606 2408 2664 quae·-

1369 2667 1515 2728 dam
1542 2687 1675 2727 non
1700 2668 1940 2749 scripto
1961 2670 2075 2728 aed
2095 2663 2406 2732 memofia

1368 2761 1804 2829 conservata,
1871 2751 2105 2816 Matth.
2150 2773 2255 2832 273
2308 2757 2409 2815 18.

1368 2836 1519 2895 Plus
1584 2838 1779 2896 semel
1848 2839 2069 2898 eadem
2141 2838 2405 2919 impleri

1366 2939 1552 2997 posse
1568 2965 1588 2996 ,
1609 2918 1842 2980 Matth.
1866 2925 1961 2981 15‘:
1981 2937 2041 2998 7.
2086 2922 2402 3002 Pleraque

1365 3003 1461 3061 ita
1479 3010 1814 3082 concepta,
1831 3011 1904 3060 ut
1924 3012 2074 3063 ante
2095 3015 2403 3067 eventum

1363 3086 1648 3167 intelligi
1687 3088 1805 3145 vix
1840 3095 2122 3164 queant,
2167 3089 2403 3153 Matth-

1371 3191 1468 3249 17:
1519 3189 1614 3231 11.
1682 3170 1896 3239 Saeva
1937 3177 2168 3232 contra
2209 3171 2405 3235 Tem-

1361 3256 1540 3335 plum
1601 3254 1898 3335 proferre
1962 3253 2216 3316 Iudaei·
2279 3277 2401 3334 pro

1363 3340 1571 3402 veti-to
1618 3373 1623 3378 κ
1670 3337 2077 3411 habebatur.
2169 3339 2404 3403 Matth.

1367 3424 1468 3485 263
1495 3423 1600 3483 60.
1658 3424 1737 3488 ln
1764 3425 1942 3485 Mose
1967 3433 2032 3484 et
2058 3424 2402 3505 Prophetis

1353 3508 1677 3589 quaedam
1715 3509 1794 3569 de
1835 3507 2098 3576 Christo
2134 3530 2405 3589 expres-

1366 3615 1482 3668 aa,
1542 3594 1856 3673 quaedam
1901 3593 2290 3676 aub.-·figu1·is
2334 3602 2404 3654 et

1362 3677 1608 3758 cignis,
1652 3678 1814 3744 Luc,
1853 3690 1954 3747 243
1995 3678 2098 3739 26.
2164 3678 2404 3738 Omnia

1362 3770 1595 3848 vetera,
1653 3782 1871 3823 rerum
1937 3762 2254 3823 bonarum
2323 3762 2404 3824 iu

1368 3844 1633 3906 Christo
1695 3865 1886 3910 sensu
1932 3846 2400 3910 excellentiore

1362 3930 1752 4008 implentur,
1803 3929 2001 4009 Apoc.
2042 3934 2102 3992 5:
2147 3933 2210 3994 5.
2299 3932 2399 3993 De

1364 4014 1646 4095 Regibus
1671 4014 1932 4075 Christo
1955 4014 2399 4092 famulaturis,

1362 4097 1599 4162 Matth.
1638 4102 1699 4161 5:
1743 4112 1847 4169 4ο.
1900 4099 2003 4160 ·1n
2056 4100 2400 4164 vaticiniis

1367 4186 1445 4245 de
1485 4183 1746 4244 Christo
1783 4193 2183 4245 concurrunt
2212 4205 2401 4265 saepe

1361 4267 1714 4350 allegorica
1736 4268 1984 4328 locutio
2008 4278 2075 4330 et
2092 4267 2402 4350 loquendi

1361 4355 1764 4434 proprietas,
1793 4353 1995 4434 Apoc.
2025 4373 2120 4417 123
2148 4376 2208 4435 9.
2252 4353 2404 4413 ’να-

1347 4436 1739 4498 ,11011110111111
1763 4438 2117 4520 explicatio
2143 4439 2221 4499 de
2254 4439 2402 4499 vio-

1465 4518 1591 4592 Qa
2144 4521 2501 4578 to-
