2779 5085
602 227 993 291 RERUM
1082 248 1184 291 ⁸1·
1272 231 1922 300 VERBORUM.

2276 258 2362 323 45

172 391 383 454 ritas
428 407 740 471 apparere
778 387 998 468 debet,
1030 405 1056 452 1
1090 387 1260 451 Petr.
1332 398 1397 451 te
1444 391 1520 452 de
1569 392 1936 471 Trinitate‚
2010 394 2152 457 1011.
2201 418 2254 459 1:
2304 419 2365 461 2.

182 482 259 538 3:
313 477 432 536 16.
523 475 779 534 Gradus
817 483 946 533 tres
969 519 987 548 ,
1032 472 1260 535 Matth.
1338 475 1699 537 Christiani
1733 490 1983 540 veteres
2019 483 2369 560 Apostoloe

191 579 313 623 10:
346 576 435 632 41
463 604 483 635 ,
535 563 630 620 13:
662 562 784 634 23,
834 576 858 618 1
891 558 1032 618 Ioh.
1057 580 1113 620 2:
1149 575 1257 632 12,
1335 582 1477 620 rum
1539 564 1934 641 temporibus
1997 587 2108 624 cur
2174 568 2369 628 etiam

198 649 435 726 Apoc.
478 662 574 723 17:
625 656 724 712 14.
785 642 1178 703 obedientia
1201 653 1264 702 et

198 730 522 790 assensio
593 747 785 787 caeca
868 749 1002 787 non
1071 738 1263 803 sunt,

201 814 467 876 Matth.
512 836 571 894 9:
616 832 714 872 22.
760 812 1134 895 Pastoribus
1167 814 1262 874 vi-

200 921 387 961 vere
436 919 517 958 ex
563 897 923 978 Euangelio
950 942 970 975 ,
997 918 1131 957 non
1158 898 1261 958 de·

201 984 451 1044 lici‘ari
500 982 698 1057 licet,
769 981 970 1041 Hebr.
1020 986 1116 1044 13:
1172 1001 1269 1043 10.

208 1069 577 1148 Proprium
604 1075 704 1126 est
729 1067 879 1125 mite
904 1067 1230 1148 ingenium
1251 1114 1265 1140 ‚

209 1155 506 1231 Rom.-9:
533 1172 595 1230 9.
659 1150 1026 1210 Schismata
1048 1162 1114 1210 et
1140 1174 1270 1210 ma-

212 1241 324 1298 los
366 1256 577 1295 mores
612 1244 833 1294 manet
857 1237 1058 1296 seculi
1084 1237 1266 1310 finis,

220 1324 442 1399 Apoc.
490 1340 591 1380 201
645 1341 705 1397 7.
745 1351 832 1366 -—
874 1319 1267 1380 Christianis

226 1408 529 1466 adversa·
555 1405 730 1464 unde
767 1405 1056 1478 veniant,
1089 1404 1268 1464 Rom.

225 1495 293 1551 8:
325 1493 427 1550 28.
489 1489 852 1569 Baptizatis
884 1506 1123 1549 novum
1150 1491 1264 1547 im-

218 1577 442 1635 minet
466 1582 796 1633 certamen
814 1575 1120 1635 adversus
1137 1595 1266 1634 ma-

218 1661 454 1740 lignos
496 1658 762 1738 spiritus
785 1703 804 1732 ,
851 1658 1055 1720 Marc.
1086 1675 1140 1719 1:
1175 1676 1268 1720 12.

224 1745 417 1806 Bene
455 1742 882 1821 expendenda
916 1744 1267 1804 incommo-

224 1831 319 1889 da
368 1836 433 1888 et
472 1827 760 1906 pericula
803 1827 1225 1907 professionis
1249 1875 1266 1903 ,

230 1914 405 1974 Luc.
452 1925 546 1981 14:
577 1915 676 1973 28.
743 1912 832 1972 Iis
877 1913 956 1971 de
999 1913 1269 1972 foenore

229 1997 604 2058 exercendo
640 1995 811 2055 nihil
846 1997 1015 2055 dixit
1043 1997 1267 2057 Chris-

133 2108 145 2126 ··
224 2093 338 2141 tus
367 2128 387 2159 ,
433 2081 588 2140 Luc.
614 2080 672 2140 6:
706 2085 807 2142 35.
851 2081 1137 2142 Militare
1166 2082 1264 2141 in·

221 2168 491 2226 terdum
535 2166 796 2224 omnino
841 2166 1022 2225 nefas
1068 2166 1263 2226 habe-

225 2260 379 2326 tur,
404 2250 631 2311 Luc.3:
654 2263 752 2318 14.
777 2249 1116 2310 Prohibita
1133 2273 1264 2310 non

223 2345 332 2396 est
371 2335 645 2407 militia,
691 2333 852 2394 Luc.
892 2339 948 2396 3:
985 2350 1081 2405 14.
1138 2336 1266 2395 ‘Per

228 2419 560 2480 Christum
611 2420 761 2478 data
812 2429 916 2479 est
959 2422 1264 2479 sanctitas

223 2504 464 2566 eximia
486 2548 505 2580 ,
534 2504 677 2568 Iud.
712 2522 766 2565 1.
811 2506 1096 2566 Persona
1118 2525 1257 2585 gra·

222 2590 333 2653 vis
365 2590 640 2648 maxime
666 2591 1006 2662 convenit,
1037 2589 1265 2650 Matth.

235 2693 359 2744 112,
413 2691 512 2753 17.
597 2675 870 2755 Propter
937 2674 1260 2735 Christum

138 2825 139 2830 ἵ
224 2761 516 2820 libenter
593 2759 965 2819 inserviunt
1047 2781 1263 2819 omnes

233 2845 511 2924 Angeli,
575 2843 739 2923 Eph.
791 2862 849 2905 1:
903 2861 1002 2903 10.
1086 2845 1262 2916 Quo·

232 2930 425 2990 modo
453 2928 623 3007 loqui
648 2929 1030 3000 conveniat,
1064 2945 1090 2989 1
1115 2930 1265 2988 Cor.

228 3030 290 3086 4:
328 3031 428 3092 19.
475 3013 710 3071 Rerum
748 3013 1072 3073 affluentia
1116 3036 1265 3092 pro-

232 3100 431 3159 missa
477 3118 610 3156 non
649 3106 777 3173 est,
810 3097 1004 3157 Hebr.
1035 3103 1130 3159 13:
1167 3115 1265 3161 11.

237 3182 524 3263 Singulis
593 3177 897 3261 competit
941 3184 1265 3261 improbo-

235 3289 380 3329 rum
409 3268 934 3344 consuetudinem
951 3267 1266 3344 devitare,

200 3401 203 3404 Α
242 3372 283 3413 2
308 3352 533 3411 Thess.
573 3372 635 3435 3²*
667 3352 729 3410 6.
758 3359 761 3364 “
793 3352 1077 3431 Singulis
1112 3373 1268 3431 quo-

239 3438 427 3496 modo
478 3437 564 3495 sit
611 3438 761 3495 data
812 3446 1101 3516 potestas·
1140 3439 1268 3496 sol-

238 3522 437 3583 vendi
486 3531 672 3600 atque
714 3521 1000 3601 ligandi,
1039 3521 1270 3581 Matth.

200 3643 205 3648 ·
248 3609 340 3668 18:
394 3609 491 3666 18.
542 3604 954 3665 Vindictam
1009 3605 1093 3663 iis
1139 3603 1272 3685 pri-

239 3701 454 3753 vatam
507 3689 802 3750 Christus
855 3710 989 3749 non
1038 3692 1266 3768 permi-

241 3776 364 3851 sit,
410 3774 595 3833 Rom.
636 3792 745 3842 12:
796 3793 867 3854 17
901 3819 919 3849 ,
972 3791 999 3834 1
1043 3773 1270 3834 ThesS.

206 3864 299 3921 ·5:
353 3863 449 3921 15.
506 3859 781 3919 Vetatur
818 3866 957 3919 esse
996 3861 1270 3918 curiosis

241 3954 307 4004 et
363 3944 724 4005 alienarum
781 3965 996 4003 rerum
1063 3944 1270 4002 intro-

242 4029 644 4107 spectoribus
669 4073 687 4103 ,
739 4027 883 4090 Iob.
920 4046 1018 4088 21:
1053 4048 1150 4087 22.
1195 4030 1272 4087 In

244 4112 633 4172 Christianis
679 4105 1112 4192 spiritualiter
1152 4112 1274 4171 im-

154 4271 161 4276 ,
242 4198 670 4279 1110101911οᾶ
713 4199 797 4257 de¹
842 4196 1095 4257 Levitis
1133 4197 1276 4255 dic-

246 4290 374 4339 tum
435 4281 694 4355 fuerat,
765 4283 950 4341 Rom.
1017 4297 1111 4339 12:
1177 4298 1271 4340 12.

210 4364 556 4424 Christiani
601 4358 993 4445 posteriores
1055 4365 1272 4424 Plato-

1338 647 1510 726 apud
1586 657 1930 727 extraneos
1989 652 2256 730 gratiosi
2299 673 2371 712 e-

1338 741 1494 790 rant
1518 775 1536 804 ,
1585 732 1730 790 Act.
1757 752 1812 791 2:
1839 746 1944 809 47.
2003 738 2168 796 Ante
2195 737 2371 797 Con-

1342 816 1617 874 stantini
1682 823 1973 896 tempora
2033 839 2069 877 a
2128 820 2197 878 vi
2253 841 2373 900 pu-

1340 901 1519 959 blica
1589 900 1966 978 repellenda
2043 903 2374 964 abstinue-

1341 993 1538 1059 runt,
1587 985 1703 1043 sed
1743 1005 1878 1043 non
1925 989 2374 1049 aestimatione

1340 1068 1812 1128 imbecillitatis
1881 1090 2075 1143 suae,
2141 1073 2376 1132 Matth.

1346 1154 1446 1213 26:
1476 1157 1580 1214 52.
1647 1153 1911 1212 Balneis
1947 1165 2011 1213 et
2044 1155 2189 1215 soro
2225 1180 2378 1237 pro-

1340 1236 1775 1314 hibebantur,
1841 1239 2043 1318 Apoc.
2111 1245 2205 1303 13:
2280 1261 2376 1318 17.

1345 1323 1686 1396 canebant
1749 1344 1890 1381 assa
1951 1344 2154 1399 voce,
2206 1325 2374 1404 Eph.

1341 1411 1402 1467 5:
1451 1428 1548 1486 19.
1610 1407 1869 1466 Claudii
1911 1408 2125 1468 edicto
2169 1409 2374 1472 Roma

1342 1500 1407 1549 et
1452 1513 1532 1551 ex
1576 1492 1823 1572 magnis
1870 1494 2137 1552 urbibus
2182 1496 2376 1554 eiecti

1341 1585 1534 1651 sunt,
1584 1576 1766 1635 Rom.
1799 1579 1858 1635 8:
1900 1580 1978 1638 35
2002 1622 2019 1650 ,
2066 1578 2201 1637 lac.
2233 1599 2281 1638 1:
2313 1598 2375 1638 2.

1345 1660 1710 1720 Christiani
1774 1669 2031 1720 veteres
2115 1661 2378 1722 Claudii

1341 1745 1734 1825 temporibus
1759 1745 1922 1803 male
1944 1746 2217 1804 tractari
2229 1766 2378 1806 ooe-
2443 1790 2446 1797 -

1342 1838 1618 1909 perant,
1665 1828 1848 1887 Rom.
1882 1831 1941 1890 82
1980 1850 2076 1908 19.
2139 1830 2373 1891 Coetus

1342 1923 1697 1971 nocturnos
1728 1914 1938 1972 ianuis
1969 1917 2204 1973 clausis
2224 1934 2377 1975 'sae-

1343 2019 1424 2076 pe
1467 1996 1875 2070 habuerunt,
1936 1997 2076 2056 1011.
2122 2019 2220 2059 20:
2278 2019 2373 2079 19.

1345 2082 1794 2141 conventuum
1879 2100 2136 2140 suorum
2225 2084 2375 2143 loca

1338 2166 1660 2247 quomodo
1723 2166 2156 2239 vocaverint,
2228 2168 2377 2228 Act.

1341 2272 1398 2328 7:
1470 2254 1573 2321 48.
1683 2250 1813 2309 Cur
1891 2251 1973 2309 ad
2036 2250 2374 2311 Orientem

1338 2336 1661 2409 orabant,
1731 2336 1936 2414 Apoc.
1984 2355 2042 2411 7:
2093 2355 2152 2395 2.
2242 2336 2374 2397 Cur

1338 2421 1632 2500 gentibus
1694 2419 1891 2498 magis
1945 2420 2125 2479 exosi
2178 2442 2370 2500 quam

1339 2503 1603 2580 ludaei,
1675 2504 1909 2565 Matth.
1974 2519 2072 2576 24:
2124 2508 2184 2564 8.
2273 2509 2371 2565 De

1340 2591 1567 2649 liberis
1631 2589 1920 2649 serendis
1984 2612 2117 2649 non
2184 2600 2377 2654 erant

1338 2674 1651 2749 solliciti,
1697 2694 1718 2733 1
1755 2675 2082 2750 C.or.7:'1.
2129 2674 2372 2735 Eorum

1338 2760 1538 2837 aliqui
1600 2761 1676 2818 ab
1734 2760 2036 2819 animatis
2088 2760 2377 2821 abstine-

1339 2843 1562 2916 bant‚'
1607 2844 1796 2920 Rom.
1844 2857 1936 2914 14:
1989 2865 2047 2905 2.
2133 2844 2376 2904 Eorum.

1312 2929 1541 3006 *aliqui
1568 2929 2120 2988 eir-cumcisionem
2151 2929 2377 2989 defen-

1342 3014 1620 3088 debant,
1645 3015 1786 3071 Act.
1816 3016 1906 3071 15:
1932 3016 1991 3071 5.
2037 3011 2273 3071 Eorum
2298 3015 2376 3072 de

1345 3098 1424 3154 de
1460 3097 1642 3155 vitiis
1682 3096 1940 3173 opinio,
1972 3096 2132 3158 Luc.
2163 3114 2253 3154 12:
2281 3097 2376 3154 18.

1342 3180 1526 3240 Felix
1544 3180 1934 3252 constantia,
1953 3178 2152 3237 Hebr.
2173 3197 2263 3238 10:
2283 3182 2377 3239 18.

1346 3266 1423 3326 In
1472 3266 1658 3324 malis
1728 3263 2045 3343 patientia
2091 3273 2157 3323 et
2202 3265 2379 3325 vitae

1342 3361 1533 3410 tenor
1557 3350 1764 3429 qualis
1791 3358 1963 3424 erat,
1995 3349 2250 3409 Romal-5:
2278 3369 2379 3409 21.

1346 3435 1734 3495 Essenorum
1763 3435 2065 3493 instituta
2086 3455 2381 3514 quaere-

1340 3521 1701 3597 tinuerint,
1749 3518 1907 3578 Luc.
1950 3521 2008 3579 6:
2053 3538 2151 3579 22.
2197 3517 2377 3577 Feris

1347 3605 1633 3680 obiecti,
1688 3624 1711 3664 1
1747 3604 1898 3663 Cor.
1942 3608 2033 3663 15:
2067 3606 2166 3664 32.
2231 3599 2388 3662 Fer-

1350 3709 1450 3748 me
1499 3710 1717 3748 omnes
1756 3687 2019 3746 humilis
2058 3685 2389 3745 conditio-

1344 3775 1448 3833 nis
1470 3819 1487 3847 ,
1523 3794 1546 3835 1
1572 3774 1734 3832 Cor.
1765 3793 1789 3835 1
1817 3789 1896 3831 2ο
1918 3817 1935 3845 ,
1967 3773 2168 3846 Apoc.
2196 3784 2290 3850 14}
2321 3770 2383 3830 6.

1346 3859 1731 3916 Gaudebant
1766 3876 1907 3913 cum
1946 3856 2083 3934 pati
2123 3865 2386 3935 possent

1346 3944 1428 4001 ob
1454 3962 1688 4000 nomen
1704 3940 1981 4014 Christi,
2000 3942 2050 4000 A
2065 3955 2304 4019 poc.14:
2320 3944 2381 4003 3.

1350 4027 1423 4087 In
1464 4026 1703 4086 Iudaea
1732 4025 1922 4104 Legis
1960 4028 2123 4083 ritus
2162 4026 2390 4085 obser-

1350 4112 1640 4187 vabant,
1679 4114 1716 4170 3
1756 4109 1893 4171 1011.
1922 4134 1984 4190 9.
2045 4107 2121 4169 111
2150 4111 2388 4169 Iudaea

1346 4205 1491 4275 post
1528 4188 1839 4275 Stephani
1878 4203 2145 4254 mortem
2185 4195 2389 4255 vehe-

1350 4290 1603 4340 menter
1648 4281 1868 4339 vexati
1916 4280 2137 4354 fuere,
2187 4276 2386 4339 Hebr.

1357 4384 1455 4429 10:
1526 4370 1629 4437 34.
1734 4364 1915 4424 Inter
1980 4365 2387 4423 coenandum

247 4448 421 4509 nicos
487 4449 842 4530 sequuntur
896 4451 967 4510 in
1013 4450 1273 4532 dogma·
1349 4471 1604 4535 semper
1691 4470 1931 4511 coenae
1999 4448 2384 4508 Dominicne‘

2254 4550 2390 4588 me-
