2779 5085
156 1464 165 1473 .
259 1414 497 1480 Matth.
528 1413 627 1474 26:
654 1416 757 1482 45.
810 1412 1025 1493 Magni
1051 1410 1304 1470 faciunt

613 237 1004 303 RERUM
1094 254 1193 300 nr
1280 234 1941 306 VERBORUM.
2262 261 2383 328 127

222 400 477 468 Matth.
505 410 604 470 24:
636 394 749 458 2ο.
801 397 1044 458 Diebus
1080 346 1283 456 sacris
1356 399 1576 481 ipsos,
1634 399 1793 462 Luc.
1836 421 1898 481 9:
1943 401 2052 465 53.
2138 401 2398 465 Redde..

227 500 306 551 et
347 482 779 569 praepatoriis
816 484 898 542 ad
923 502 1104 541 sacra
1130 480 1279 540 alie·
1358 486 1519 545 bant
1550 485 1696 545 loca
1718 486 1943 545 vetitis
1969 490 2391 550 caeremoniis

194 575 518 657 ·nigenas
577 567 835 650 publice
872 567 1130 647 'alloqui
1176 586 1281 646 po·
1365 562 1919 650 usurpata-illatis
1969 572 2398 634 cadaveribus

232 664 467 718 terant
499 699 516 728 ,
595 651 909 712 accedere
980 652 1285 733 privatim
1361 658 1659 735 impura,
1714 654 1944 714 Matth.
1993 659 2068 716 5:-
2102 676 2200 718 22.
2288 658 2410 718 Se-

235 764 386 803 non
457 738 745 808 licebat,
822 735 962 796 loh.
1027 740 1123 796 ¹8:
1160 736 1288 797 '28.
1365 739 1773 820 peliebantur
1850 739 1921 798 in
1999 743 2404 819 operimento

243 823 605 889 inhumani
680 821 990 882 adversus
1062 819 1284 879 alieni·
1365 844 1450 885 ex
1497 825 1634 883 lino
1682 823 1855 882 haud
1901 826 2114 904 magni
2166 825 2404 906 pretii,

241 910 450 994 genas
478 915 709 967 contra
734 906 1054 965 rationem
1082 904 1290 985 Legis,
1368 907 1601 970 Matth.
1645 928 1742 986 27:
1784 910 1888 987 59.
1979 909 2408 989 Deponebant

250 992 491 1056 Matth.
556 994 618 1052 5:
690 994 795 1060 43.
883 990 1294 1069 Quantopere
1367 994 1440 1053 in
1498 994 1727 1053 sunere
1795 991 2134 1068 sandalia,
2202 996 2409 1056 Marc.

249 1089 325 1142 et
364 1099 478 1137 cur
523 1075 923 1156 alienigenas
968 1094 1188 1133 omnes
1230 1091 1285 1130 a·
1370 1080 1429 1139 6:
1473 1097 1533 1157 9.
1622 1077 1696 1136 ln
1733 1076 1920 1137 luctu
1961 1077 2178 1158 magni
2219 1087 2413 1140 erant

251 1158 723 1233 versarentur,
772 1158 972 1233 ibid„
1024 1156 1186 1237 Eph.
1241 1174 1292 1213 ιτ
1372 1168 1848 1237 ostentatores,
1897 1181 1922 1224 1
1964 1160 2413 1236 Thess.4:13.

261 1248 367 1308 ιο.
430 1245 781 1305 Gentiliter
811 1243 1111 1304 viventes
1140 1240 1280 1300 alie·
1374 1244 1798 1306 Adhibebant
1838 1247 2028 1305 tibias
2072 1246 2141 1305 in
2185 1248 2407 1325 luctu,

256 1332 529 1413 nigenas
558 1328 885 1388 vocabant
903 1335 1295 1408 peccatores,
1375 1329 1607 1391 Matth.
1654 1351 1712 1410 9:
1766 1333 1867 1391 23.
1955 1331 2031 1390 ln
2085 1330 2410 1412 exsequiis

1374 1423 1771 1475 mortuorum
1789 1416 2064 1474 maxime
2080 1424 2415 1476 ostentant

1375 1499 1839 1559 liberalitatem
1905 1519 2127 1575 suam,
2176 1500 2412 1561 Matth.

261 1521 348 1561 ex
362 1499 742 1580 plicationes
870 1495 1254 1577 allegoricas
1281 1538 1300 1571 ‚

262 1582 609 1646 Matth.-1:
662 1599 763 1641 22.
848 1580 996 1642 Non
1055 1587 1303 1660 ponunt
1376 1586 1435 1644 6:
1469 1604 1526 1645 2.
1591 1583 1848 1642 Lavant
1870 1586 2411 1646 manusasunere

263 1672 445 1729 inter
507 1673 849 1747 praecepta
912 1664 1090 1725 Noae
1154 1664 1302 1723 data
1378 1668 1761 1742 venientes,
1828 1677 1893 1727 et
1956 1688 2114 1741 cur,
2187 1668 2417 1731 Matth·

264 1751 685 1813 interdictum
735 1749 1111 1826 scortandi,
1158 1747 1307 1808 Act.
1379 1773 1479 1832 27²
1529 1765 1626 1823 24.
1695 1751 1954 1812 Stantes
2003 1751 2301 1841 legebant
2341 1754 2416 1815 in,

273 1843 373 1899 15:
414 1854 513 1896 20.
577 1834 1034 1893 irascebantur
1075 1831 1301 1911 impla·
1381 1836 1691 1916 cathedra
1736 1837 1940 1899 verba
1986 1835 2208 1915 Legis,
2252 1858 2415 1917 quae

268 1920 571 1982 cabiliter
598 1918 1125 1998 delinquentibus
1152 1935 1305 1976 con·
1382 1922 1677 1982 sedentes
1766 1921 2367 2000 interpretabantur
2390 1966 2414 1999 ,

268 2016 376 2067 tra
401 2005 648 2084 legem,
679 2003 839 2061 Luc.
871 2006 966 2064 15:
997 2022 1054 2063 2.
1098 1999 1307 2060 Valde
1383 2004 1614 2066 Matth.
1664 2022 1763 2085 23:
1818 2024 1876 2063 2.
1962 2005 2180 2064 Divisi
2229 2016 2419 2066 erant

270 2089 464 2173 proni
512 2084 714 2169 ‚erant
766 2087 851 2148 ad
903 2087 1309 2158 iuramenta,
1381 2088 1784 2172 temporibus
1821 2088 2151 2168 Baptistae
2185 2089 2257 2148 in
2284 2098 2419 2159 tres

198 2228 199 2231 ,
276 2172 508 2239 Matth-
574 2174 635 2232 5:
700 2186 823 2254 34,
890 2173 1021 2233 lac.
1084 2175 1144 2233 5:
1218 2188 1310 2228 12.
1386 2172 1766 2259 praecipuas
1831 2182 2084 2248 sectas,
2154 2172 2311 2233 Luc.
2363 2191 2417 2238 ιε

275 2254 873 2339 superstitiosiores
908 2256 991 2316 ad
1015 2255 1312 2336 vulgaria
1393 2279 1488 2340 ¹7·
1574 2257 1834 2318 precari
1903 2256 2201 2317 solebant
2255 2265 2424 2319 tem..

276 2344 641 2402 iuramenta
704 2362 838 2400 non
901 2341 1143 2401 diserte
1191 2338 1311 2398 Dei
1388 2344 1560 2425 plum
1600 2363 1871 2418 versus,
1922 2343 2065 2402 Act.
2104 2363 2163 2421 9:
2210 2362 2272 2421 9.
2342 2344 2421 2405 ln

276 2442 511 2489 nomen
550 2425 661 2485 sed
700 2444 802 2485 res
844 2426 1005 2505 alias
1039 2442 1313 2503 usurpa·
1383 2428 1714 2509 precando
1761 2446 1919 2504 quos
1968 2447 2178 2486 mores
2224 2427 2427 2487 habe-

280 2514 474 2588 bant,
511 2510 671 2570 ibid·
741 2509 1165 2570 sanctissima
1205 2528 1312 2568 eo·
1384 2510 1584 2588 bant,
1616 2510 1845 2571 blatth.
1872 2511 1929 2572 6:
1956 2515 2019 2572 5.
2083 2510 2422 2584 Quomodo

280 2619 420 2658 rum
453 2597 715 2656 iurandi
740 2597 1017 2655 formula
1036 2642 1053 2670 ,
1089 2592 1315 2653 Matth.
1388 2598 1652 2658 novisse
1679 2599 1882 2657 Deum
1903 2598 2216 2657 ‘dicantur
2236 2643 2255 2673 ,
2282 2597 2426 2659 Ioh-

286 2686 465 2764 5:34.
510 2680 750 2740 Lavari
773 2679 1316 2761 etungisolebant
1387 2697 1448 2755 4:
1504 2702 1603 2745 22·
1689 2681 1861 2755 Quid
1909 2675 2064 2762 prae
2111 2681 2423 2742 Gentibus

284 2777 572 2848 tempore
612 2765 942 2841 laetitiae,
986 2762 1213 2828 Matth.
1250 2762 1311 2822 ὃς
1387 2767 1674 2827 habeant
1734 2766 2142 2846 praecipuum
2167 2813 2187 2845 ,
2242 2766 2425 2827 Rom.

290 2869 384 2931 ³7.
475 2850 809 2930 Negarqnt
851 2851 917 2908 in
964 2847 1315 2927 Scripturis
1393 2856 1450 2913 3:
1506 2871 1560 2910 2.
1655 2850 1839 2910 Unde
1902 2851 2164 2910 sa'cilius
2235 2869 2472 2930 quam·

286 2957 423 2997 esse
511 2935 695 2995 Prius
786 2943 851 2993 et
939 2932 1315 3004 Posterius,
1392 2936 1678 2995 Gentiles
1708 2935 2001 2994 Messian:
2036 2956 2425 3015 cognoscere

292 3017 513 3080 Matth.
567 3033 659 3089 14:
715 3038 773 3101 3.
864 3016 1008 3079 Non
1074 3016 1317 3096 obliga·
1389 3017 1766 3100 potuerint,
1833 3018 1996 3076 ibid.
2103 3020 2430 3080 Dicuntur

288 3106 525 3165 bantur
583 3123 660 3163 ex
714 3104 917 3184 pactis
966 3102 1093 3161 nisi
1145 3103 1311 3158 iure·
1354 3102 1562 3163 ·nih11
1628 3101 1792 3162 certi
1849 3101 2122 3161 scivisse
2183 3101 2261 3160 de
2306 3103 2432 3161 im-

289 3187 566 3250 iurando
615 3188 929 3262 firmatis,
985 3184 1213 3245 Matth.
1256 3185 1315 3243 5:
1398 3189 1645 3268 piorum
1691 3187 1869 3245 ex‘itu
1909 3195 2057 3246 ante
2096 3185 2429 3246 Christum

296 3295 393 3357 33.
459 3272 892 3352 Metiebantur
934 3290 1155 3329 omnes
1202 3269 1319 3328 Dei
1396 3281 1615 3331 natum
1646 3316 1663 3345 ,
1725 3268 1957 3328 Matth.
1999 3273 2059 3329 5:
2110 3288 2210 3331 2ο.
2298 3270 2430 3330 Cur

290 3358 718 3440 proprietates
755 3378 837 3417 ex
873 3356 1012 3416 solo
1041 3353 1322 3415 Foedere
1400 3366 1548 3420 ante
1618 3354 1778 3414 alios
1845 3375 1925 3414 ex
1991 3354 2112 3414 Dei
2171 3356 2430 3416 decreto

295 3443 655 3522 Sinaitico,
708 3443 863 3501 Luc.
913 3444 1005 3502 15:
1053 3458 1115 3519 7.
1201 3438 1321 3498 Pu·
1400 3441 1484 3501 ad
1514 3439 1940 3520 Euangelium
1971 3442 2232 3515 vocati,
2268 3438 2436 3520 Eph.

294 3517 849 3607 tabantquaedam
873 3525 1325 3606 criminatem-
1407 3547 1459 3587 1:
1513 3544 1606 3587 12.
1677 3525 2063 3605 lmpulsores
2107 3524 2188 3583 ad
2228 3525 2441 3594 inter-

294 3629 477 3693 pore.
518 3612 745 3688 finiri,
817 3610 1024 3670 Marc.
1094 3611 1151 3670 3:
1228 3625 1327 3686 29·
1399 3610 1748 3671 sectionem
1788 3608 2077 3684 Christi,
2123 3609 2256 3668 lac.
2284 3610 2345 3668 5:
2375 3607 2438 3668 6.

1404 3697 1536 3755 Cur
1625 3693 1956 3754 Christum
2034 3691 2440 3753 crucifixisse

298 3784 493 3843 ficere
555 3780 728 3861 quod
789 3782 916 3840 orti
977 3786 1327 3842 essent-ex
1404 3780 1753 3851 dicantur,
1812 3779 1958 3837 Act.
2007 3797 2065 3837 2:
2112 3794 2218 3857 23.
2309 3777 2443 3837 Cur

300 3864 735 3941 Patriarchis‚
764 3865 1154 3944 Rom-2:13,
1183 3863 1240 3922 8:
1264 3881 1286 3924 ι
1309 3903 1329 3935 ,
1405 3884 1538 3922 non
1581 3862 1833 3943 possint
1874 3860 1999 3920 dici
2036 3859 2444 3922 crucifixisse

298 3950 716 4023 Quaerebant
774 3951 951 4010 viam
996 3945 1285 4008 iustitiae
1313 3993 1330 4022 ,
1410 3946 1739 4008 Christum
1804 3966 1919 4025 per
1965 3945 2443 4027 ignorantiam,

302 4036 412 4097 sed
467 4035 713 4095 frustra
768 4032 1098 4116 plerique,
1150 4033 1336 4092 Rom.
1415 4053 1439 4093 ι
1497 4031 1649 4091 Cor.
1701 4049 1757 4090 2:
1810 4031 1872 4089 8.
1961 4023 2094 4090 Cur
2163 4028 2441 4091 Pilatum

303 4142 361 4201 9:
418 4140 520 4201 31.
603 4120 773 4190 Qua-
809 4119 1064 4178 ratione
1128 4118 1332 4176 nomi·
1411 4124 1765 4199 rogarent',
1819 4122 1893 4173 ut
1936 4114 2129 4196 paulo
2175 4116 2448 4176 maturi-

304 4205 503 4264 natim
550 4204 708 4263 huic
754 4206 862 4263 vel
913 4202 1012 4260 illi
1055 4203 1333 4281 gentium
1411 4222 1486 4260 us
1528 4202 1942 4261 demerentur
1985 4200 2446 4262 crucifixorum

305 4291 443 4349 Deo
477 4311 613 4349 non
646 4288 1155 4363 maledicebant,
1195 4288 1341 4345 Act.
1415 4295 1691 4368 corpora
1721 4303 1861 4343 cum
1891 4284 2187 4365 Christe,
2219 4284 2447 4344 Matth.

316 4392 407 4453 19:
459 4378 559 4454 37·
646 4372 722 4433 ln
792 4373 1145 4433 Samaritas
1212 4372 1339 4430 ini·
1417 4389 1515 4450 27:
1587 4373 1692 4431 58.
1733 4444 1746 4458 ⁶
1791 4368 1922 4428 Cur
1992 4371 2450 4432 accusaverint

307 4458 566 4536 quiores
603 4475 790 4538 quam
838 4456 1231 4517 Samaritani
1270 4456 1342 4515 in
1418 4455 1694 4517 Pilatum
1735 4469 1738 4476 ’
1791 4455 1963 4536 apud
2057 4453 2445 4529 Caesarem,

2290 4532 2449 4597 Luc.

298 3696 620 3759 Putabant
644 3696 726 3756 ad
751 3698 1021 3756 salutem
1047 3692 1174 3752 sibi
1196 3691 1329 3751 sus-
