2779 5085
568 220 1035 282 ‘RERUM
1123 242 1205 280 m
1308 206 1962 297 VERBORUM.
2273 256 2391 320 53

256 381 546 444 uisatur
570 424 589 454 ‚
632 377 794 437 ibid.
860 379 923 438 A·
962 377 1302 452 Phoenici-

260 467 396 526 bus
464 465 656 524 stella
722 464 898 524 lovis
953 466 1015 523 ei
1075 484 1305 523 conse..

266 559 497 609 oratur
524 594 544 626 ,
587 548 745 606 ibid.

223 634 461 694 Melite
507 634 737 691 'insula
795 653 926 692 non
982 632 1176 713 longe
1226 633 1301 690 ab

270 720 551 792 Africa,
630 720 771 776 Act.
834 720 934 777 28:
1010 733 1067 776 1.
1197 718 1301 776 In-

275 804 552 881 scriptio
619 812 805 861 vetus
851 801 944 861 ibi
988 801 1260 861 inventa
1283 845 1302 876 ‚

272 888 438 945 ibid.

229 969 674 1030 Melitensium
718 969 1023 1048 Princeps
1070 990 1305 1029 nomen

286 1056 731 1136 Magistrum,
777 1055 939 1112 ibid.

230 1141 471 1199 Melius
516 1139 751 1197 dieitur
784 1139 852 1196 id
889 1138 1058 1217 quod
1093 1139 1303 1196 minus

280 1225 549 1297 malum,
601 1244 637 1282 2
684 1225 871 1301 Petr.
899 1242 955 1281 2:
1006 1242 1106 1282 21.
1176 1222 1304 1282 Me-

280 1310 408 1366 lius
478 1317 578 1366 est
638 1308 888 1365 homiui
957 1307 1027 1363 in
1095 1308 1300 1385 ignem

283 1392 762 1470 coniici‚quam
792 1392 1153 1470 proximum
1181 1393 1301 1450 dis-

284 1477 569 1554 famare‚
622 1477 846 1534 Matth.
897 1480 989 1535 18:
1045 1479 1141 1535 15.

1331 382 1516 442 Mens
1564 393 1841 444 vocatur
1883 386 2076 449 homo
2119 391 2399 459 interior

1373 475 1440 525 et
1482 487 1636 528 vere
1684 479 1781 527 est
1822 470 2053 547 homo,
2104 476 2286 537 Rom.
2333 502 2392 558 7:

1379 571 1474 610 22.
1565 553 1953 632 Languidius
1997 561 2129 637 agit
2167 564 2236 620 in
2278 580 2398 624 vo·-

1376 638 1682 694 luntatem
1720 660 1906 716 quam
1952 643 2212 704 affectus
2252 670 2396 707 car-

1375 720 1544 777 nalis
1576 764 1595 795 ‚
1671 723 1797 779 nisi
1867 732 2114 805 magnis
2182 733 2399 793 adiuta

1378 805 1763 883 praesidiis,
1801 808 1940 867 ibid
1987 816 2078 871 15.
2146 815 2399 894 Appro-

1374 889 1485 946 bat
1541 887 1854 966 honesta,
1924 893 2090 955 Caro
2138 899 2397 978 dulcia,

1378 972 1535 1031 ibid.
1580 977 1682 1036 23.
1771 973 1849 1032 Ei
1911 998 2064 1038 caro
2107 1002 2237 1042 cur
2284 988 2401 1047 ad-

1374 1067 1710 1130 versetur,
1759 1059 1922 1119 ibid.
2013 1064 2192 1126 Mens
2237 1091 2442 1147 quae·

1377 1161 1444 1199 se
1494 1143 1811 1216 custodit,
1858 1146 2100 1226 virgini
2144 1172 2405 1231 compa-

1377 1235 1602 1300 ratur,
1670 1227 1874 1305 Apoc.
1931 1245 2023 1300 14:
2069 1247 2130 1302 4.
2213 1237 2397 1298 Meus

1378 1329 1576 1388 pura,
1624 1310 1764 1368 Ioh.
1804 1326 1865 1381 4:
1908 1320 2008 1373 23.
2075 1319 2404 1383 Distracta

1379 1394 1461 1453 ad
1482 1394 1780 1473 pietatem
1805 1398 2148 1477 inhabilis,
2177 1406 2404 1466 Matth.

1377 1479 1440 1536 6:
1505 1494 1603 1547 24.
1705 1480 2106 1543 Mentis·est
2171 1510 2409 1567 appro-

1380 1564 1575 1636 bare,
1638 1570 2153 1645 nonaegaudere‚
2223 1574 2404 1636 Rom.

1380 1668 1438 1725 7:
1504 1665 1602 1705 22.
1688 1647 1842 1707 Eius
1909 1652 2222 1714 dissuasio
2283 1658 2404 1717 ho·

292 1750 381 1789 12:
457 1731 549 1787 18.
618 1729 941 1789 -Membris
1009 1727 1307 1788 humanis
1377 1731 1572 1788 minis
1620 1743 1886 1810 peccato
1933 1743 2403 1803 consentientis
2490 1741 2498 1747 ’

283 1813 603 1892 quomodo
661 1815 937 1872 virtutes
1025 1814 1308 1873 Divinae
1379 1816 1628 1892 culpam
1690 1828 1918 1897 auget,
1971 1821 2150 1880 Rom.
2196 1847 2253 1901 7:
2306 1842 2405 1887 ρο.

285 1897 769 1976 exprimantur,
820 1896 1050 1956 Matth.
1098 1903 1157 1959 8:
1214 1917 1309 1956 ιι.
1381 1900 1657 1961 Mentem
1692 1923 1823 1961 non
1859 1905 2234 1984 impeditam
2264 1912 2405 1989 quis

238 1983 653 2042 Membranae
722 2003 833 2042 seu
889 2002 1308 2060 pergamenae
1378 1983 1654 2056 habeat,
1701 1986 1840 2044 Ioh.
1887 2008 1942 2065 7:
2003 2011 2095 2061 ¹7·

283 2067 441 2125 olim
478 2067 623 2124 loco
664 2066 925 2125 chartae
955 2068 1159 2126 Attali
1191 2069 1309 2127 Re·
1343 2069 1564 2128 Mensa
1604 2090 1718 2148 pro
1754 2071 1980 2146 altari,
2012 2067 2193 2133 Rom.
2226 2096 2317 2138 11:
2345 2102 2407 2159 9.

288 2153 382 2230 gis
426 2150 738 2226 invento,
797 2171 835 2219 2
883 2152 1053 2209 Tim·
1096 2174 1156 2232 4:
1214 2158 1309 2216 13·
1382 2158 1606 2216 Mensa
1647 2156 2068 2234 participata,
2112 2161 2404 2226 sincerae

240 2235 613 2295 Meminisse
645 2257 763 2315 pro
800 2255 1014 2294 curam
1052 2258 1306 2317 gerere,
1383 2242 1703 2301 amicitiae
1757 2243 2109 2318 symbolum
2136 2290 2152 2317 ,
2207 2248 2407 2310 Marc.

290 2320 427 2378 Gal.
473 2339 527 2379 2:
576 2341 637 2399 9.
726 2319 1092 2380 Meminisse
1138 2325 1308 2381 Deus
1368 2341 1482 2395 14:
1529 2328 1635 2400 18,
1673 2322 1813 2381 loh.
1852 2330 1958 2384 132·
1993 2330 2086 2385 18.
2149 2332 2410 2396 Mensae

287 2405 599 2462 malarum
654 2406 977 2463 actionum
1027 2407 1308 2484 dicitur,
1383 2432 1605 2469 servos
1687 2409 1996 2481 adhibere
2064 2419 2412 2475 manumis-

284 2499 471 2569 qtrum
524 2509 632 2548 eas
686 2489 1066 2567 ulciscitur,
1116 2493 1310 2572 Apoc.
1384 2495 1584 2554 sionis
1668 2502 1809 2551 erat
1886 2497 2131 2574 species
2161 2545 2178 2572 ‚
2215 2559 2218 2562 ,
2253 2502 2410 2564 Ln‘c.

296 2575 388 2632 15:
442 2594 535 2652 19.
1392 2601 1484 2657 17:
1547 2600 1607 2655 7.
1692 2580 1950 2640 Mensae
2014 2584 2230 2662 regiae
2295 2588 2408 2647 ad-

240 2659 557 2718 Memoria
611 2657 922 2717 malorum
1006 2660 1307 2718 similium
1383 2664 1574 2722 hibiti
1612 2674 1750 2739 post
1789 2665 2088 2725 delictum
2125 2670 2205 2727 ad
2235 2691 2411 2731 com-

287 2763 473 2820 quam
520 2744 792 2802 maxime
836 2765 956 2802 nos
993 2756 1206 2805 movet
1232 2748 1312 2804 ad
1386 2751 1748 2806 munionem
1834 2749 2164 2811 Ecclesiae
2240 2758 2413 2816 reci-

246 2869 251 2872 -
289 2829 715 2886 miserandum
746 2873 763 2901 ,
815 2827 1013 2888 Hebr.
1059 2848 1116 2890 2:
1175 2834 1270 2890 18.
1384 2834 1759 2910 piebantur,
1801 2833 1961 2892 Luc.
2005 2835 2066 2894 6:
2114 2858 2215 2897 22.

241 2911 599 2971 Menander
637 2912 984 2971 historicus
1020 2916 1312 2975 meminit
1347 2915 1698 2976 Mentiendi
1761 2936 1894 2974 vox
1958 2921 2234 2979 animum
2284 2925 2417 3005 sig-

291 2998 601 3054 siccitatis
650 2996 876 3071 Eli-ae,
928 2998 1058 3058 Iac.
1102 3003 1162 3060 5:
1221 3021 1312 3080 17.
1386 3001 1611 3058 nificat
1692 3000 2053 3060 studentem
2129 3006 2407 3084 fallere,

256 3081 643 3140 ‘Menander
689 3081 1132 3143 Samaritanus
1192 3086 1309 3143 im·
1389 3085 1547 3143 Luc.
1615 3097 1713 3151 24:
1787 3086 1910 3157 28,
1985 3085 2159 3144 Rom.
2223 3095 2280 3150 3:
2342 3106 2408 3164 4.

287 3175 506 3244 postor
567 3187 682 3244 pro
733 3165 992 3227 Christo
1037 3191 1104 3228 se
1132 3183 1309 3229 ‘ven-
1393 3168 1646 3227 Mentiri
1690 3167 2113 3227 Diabolorum
2161 3176 2417 3252 propri..

290 3251 499 3307 ditans
527 3297 546 3327 ,
596 3250 823 3308 Matth.
870 3267 967 3322 24:
1017 3267 1119 3323 24.
1383 3273 1529 3325 um3
1558 3251 1699 3309 Ioh.
1725 3253 1783 3310 8:
1811 3265 1914 3320 44.
1981 3253 2241 3313 Mentiri
2270 3260 2408 3317 Deo

140 3321 161 3408 ζ
246 3335 653 3394 Mendacium
681 3381 701 3412 ‚
767 3353 850 3392 an
896 3358 1142 3417 semper
1182 3338 1308 3395 illi·
1382 3338 1494 3398 vel
1531 3336 1801 3415 Spiritui
1844 3336 2081 3397 Sancto
2115 3342 2411 3417 quisnam

152 3439 187 3478 Ἀ
291 3422 525 3495 citum,
598 3421 897 3488 Luc.'24:
946 3425 1047 3481 28.
1132 3422 1309 3481 Furti
1387 3423 1667 3494 dicatur,
1709 3421 1850 3480 Act.
1879 3425 2035 3484 52-3.
2104 3426 2414 3486 Mentitur

156 3473 191 3608 ἒ
290 3525 541 3580 comes,
588 3502 819 3562 Matth.
863 3510 957 3566 15:
1012 3526 1106 3566 11.
1164 3508 1313 3566 Ido-
1385 3507 1491 3585 qui
1529 3527 1755 3565 verum
1795 3507 1877 3565 ad
1911 3528 2044 3566 rem
2078 3511 2412 3588 pertinens
2464 3502 2472 3511 ⁴

180 3617 197 3638 ν
286 3588 588 3648 lolatriae
672 3589 1025 3666 adhaeret,
1117 3593 1313 3670 Apoc.
1388 3592 1707 3668 subticet,
1757 3590 1915 3648 Luc.
1960 3596 2058 3652 23:
2110 3613 2168 3652 2.
2311 3589 2322 3593 ”

298 3687 389 3741 14:
436 3676 499 3731 5.
589 3672 906 3733 Mendacii
976 3678 1313 3736 convictos
1346 3677 1741 3740 Mercator-es
1791 3675 2161 3753 plerumque
2208 3678 2414 3754 vani,

290 3758 498 3837 pudor
563 3759 738 3838 sequi
795 3760 1003 3837 solet,
1072 3779 1110 3820 2
1167 3761 1318 3820 Cor.
1396 3778 1419 3817 1
1475 3759 1643 3823 Tim.
1688 3762 1746 3818 3:
1791 3761 1853 3816 8.
1940 3758 2243 3818 Invicem
2275 3762 2417 3821 fo'e-

291 3862 347 3913 7:
404 3854 499 3910 14.
1387 3862 1613 3900 nerare
1659 3861 1792 3899 non
1837 3842 2143 3901 iniustum
2189 3846 2421 3905 existi-

164 3977 171 3984 .
245 3926 623 3986 ,Mendacem
668 3926 882 3988 facere
930 3931 1131 3987 Deum
1174 3927 1314 4005 quis
1388 3935 1636 3993 matur,
1685 3926 1843 3985 Luc.
1887 3926 1946 3986 6:
1997 3932 2099 3988 35.

288 4012 587 4086 dicatur,
636 4009 777 4069 Iob.
819 4016 877 4073 3:
926 4017 1045 4089 33,
1100 4031 1124 4070 1
1175 4011 1315 4071 loh.
1347 4010 1664 4071 Mercedis
1739 4030 1871 4069 vox
1948 4014 2118 4072 unde
2195 4012 2414 4092 dicta,

297 4114 348 4154 1:
400 4114 498 4157 10.
585 4094 927 4155 Mendaces
970 4098 1314 4171 dicuntur,
1388 4094 1617 4154 Matth.
1665 4093 1724 4154 6:
1782 4115 1866 4154 1.·
1921 4094 2091 4166 Quid
2158 4101 2414 4177 proprie

286 4179 393 4257 qui
437 4189 625 4260 pacta
673 4174 1125 4240 contractusve
1170 4181 1311 4239 vio·
1388 4179 1748 4259 significet,
1791 4179 2198 4254 ibid.‚-Luc.
2233 4204 2324 4261 17:
2354 4188 2416 4243 8.

243 4299 249 4304 ·
287 4264 465 4339 lant,
517 4264 720 4343 Apoc.
756 4283 853 4324 21:
893 4269 928 4325 8
952 4312 971 4342 ‚
1020 4263 1173 4325 vani
1212 4285 1311 4322 so·
1387 4265 1635 4325 Merces
1671 4266 1738 4322 in
1775 4265 1903 4324 fine
1939 4269 2152 4344 operis
2191 4269 2414 4344 datur,

285 4346 427 4405 lent
485 4350 716 4429 vocari
759 4360 823 4409 et
872 4370 1030 4426 cur,
1082 4369 1119 4409 2
1168 4347 1297 4407 Cor
1393 4366 1417 4405 1
1468 4350 1643 4407 Petr.
1690 4369 1741 4409 1:
1788 4370 1848 4429 9.
1927 4349 2417 4430 Factum-prae·

290 4448 348 4490 1:
401 4451 496 4513 17.
1386 4428 1572 4514 cipue
1597 4434 1894 4513 respicit,
1922 4436 2018 4495 uti
2040 4438 2244 4516 gratia
2275 4436 2419 4494 ani-

1597 4518 1654 4577 K
1681 4521 1718 4578 5
2204 4525 2412 4596 m‘um,

242 1561 536 1620 Membra
574 1563 643 1618 in
682 1579 946 1639 corpore
990 1561 1306 1639 quomodo

228 1648 457 1704 -Deus
530 1645 960 1724 disposuerit,
1026 1644 1095 1701 in
1156 1646 1304 1707 Cor.
