2779 5085
365 248 485 331 146
502 246 507 251 ’

1186 234 1469 298 I'ND
1545 238 1716 299 EX

402 400 783 490 genealogia
865 394 1179 470 Domini,
1285 396 1430 453 aliis
1470 396 1767 456 Lustrum
1828 402 1892 455 et
1953 393 2283 457 Lustrales
2337 398 2547 459 victi·-

401 512 562 553 vero
628 496 943 556 naturae,
1012 481 1170 539 Luc.
1227 483 1282 541 31
1334 486 1431 539 23.
1511 501 1688 559 mae,
1736 478 1966 541 Matth.
2014 501 2111 541 20:
2164 485 2265 540 28.

407 577 613 638 Lucas
654 592 765 628 cnr
809 568 888 625 ad
931 566 1238 625 Adamum
1287 585 1424 643 per·
1473 567 1609 624 Lux
1675 586 1789 644 pro
1848 565 2042 623 initio
2096 565 2298 640 lucis,
2349 566 2543 625 Rom.

407 658 669 719 duxerit
719 650 974 712 Domini
1011 670 1244 730 genus,
1277 649 1431 707 Luc.
1515 654 1607 708 13:
1642 668 1736 709 11.
1780 649 1905 709 Pro
1934 650 2211 729 puritate
2239 653 2536 727 sumitur,

400 748 459 805 3:
509 745 608 804 38.
655 738 1075 817 Septuaginta
1110 734 1262 791 duas
1293 742 1416 790 tan·

1519 754 1535 791 1
1588 732 1728 799 1011.
1778 753 1827 795 11
1874 737 1935 795 5.

2030 734 2169 792 Lux
2237 756 2351 813 pro
2399 736 2541 794 sole

407 838 539 885 tum
613 841 918 904 personas
1004 826 1300 879 recenset
1368 820 1430 873 in
1509 819 1632 876 snit
1685 818 1788 887 ,in
1872 817 2075 897 prima
2159 821 2539 894 creatione,

412 918 741 971 stemmate
813 902 1105 976 Christi,
1189 911 1260 958 ut
1348 903 1434 958 ait
1514 909 1710 981 Apoc.
1760 906 2008 963 21123.

410 996 749 1063 Irenaeus,
783 989 1022 1069 Luc.l3:
1055 999 1155 1054 24.
1228 985 1437 1042 Lucae

414 1088 681 1139 stemma
735 1071 990 1131 Domini
1037 1070 1297 1146 petitum
1343 1080 1433 1127 est

411 1183 489 1223 ex
565 1159 800 1218 tabulis
876 1154 1194 1235 publicis,
1286 1153 1436 1210 LuC.

413 1252 471 1309 31
526 1248 624 1304 23.
690 1241 1003 1301 Numerus
1052 1246 1150 1295 est
1195 1238 1253 1294 ei
1305 1238 1429 1316 ple-

412 1331 561 1390 nior
605 1346 791 1405 quam
842 1320 1169 1382 Matthaeo
1221 1321 1290 1378 in
1341 1343 1428 1379 re-

414 1412 717 1472 censione
796 1406 1046 1488 generis
1132 1405 1438 1478 Domini,

416 1497 577 1558 Luc.
625 1497 681 1555 31
732 1497 831 1553 23.
920 1488 1331 1550 Adscribitur
1383 1510 1436 1546 e·

415 1577 691 1661 epistola
750 1576 830 1633 ad
880 1573 1244 1633 flebraeos.
1336 1572 1432 1643 ln-

414 1665 639 1743 script.
676 1660 757 1718 ad
793 1650 988 1719 He‘nr.
1036 1656 1204 1716 Vide
1247 1657 1441 1717 etiam

417 1745 838 1827 Euangelium
885 1742 1119 1804 Lucae.

377 1831 615 1898 Lucius
683 1830 1055 1908 Cyrenaeus
1118 1825 1259 1905 quis
1308 1824 1432 1882 sue·

415 1917 548 1996 rit,
612 1913 793 1972 Rom.
853 1910 947 1970 16:
1016 1928 1118 1972 21.
1210 1909 1446 1969 Lucius

419 1999 702 2061 Simonis
742 1993 1061 2077 Cyrenaei
1109 1992 1279 2052 filins
1329 2014 1447 2052 na-

396 2084 492 2144 ‘tu
535 2084 885 2153 minimus,
952 2078 1152 2138 Marc.
1206 2081 1301 2138 15:
1352 2097 1448 2136 21.

418 2168 625 2228 Verbi
692 2184 901 2224 semen
965 2162 1034 2220 in
1100 2161 1449 2221 Germania

421 2252 698 2332 sparsit,
742 2248 905 2306 ibid.
965 2246 1124 2304 Item
1170 2240 1449 2302 Lumtit.

384 2338 625 2398 Luctus
689 2329 1070 2391 immodicus
1139 2328 1219 2386 ob
1277 2349 1444 2386 mor·

421 2431 564 2479 tuos
611 2437 795 2476 error
843 2413 1176 2494 gentilium
1205 2457 1221 2487 ,
1298 2411 1449 2469 Luc.

425 2524 482 2586 7:
543 2505 635 2564 13.
725 2498 958 2558 Luctus
1014 2496 1450 2574 septemdialis

427 2587 597 2668 apud
666 2583 989 2642 Hebraeos
1066 2602 1248 2654 mos,
1318 2601 1452 2638 non

1497 1912 1694 1970 ‘Petu
1764 1930 1818 1971 21
1891 1926 1953 1981 4.

2096 901 2238 960 Lux
2296 903 2540 962 dicitur

1512 986 1795 1066 cognitio
1842 1006 2054 1045 rerum
2103 988 2540 1061 Divinarum,

1523 1091 1539 1127 1
1618 1069 1848 1130 Thess.
1913 1074 1973 1131 5:
2046 1085 2109 1140 4.
2215 1070 2350 1129 Lux
2419 1094 2542 1149 pro

1514 1154 1809 1213 doctrina
1859 1156 2263 1233 apertissima
2312 1156 2390 1212 ad
2438 1159 2546 1213 111-

1513 1259 1640 1296 cem
1665 1284 1679 1311 ,
1713 1240 1851 1297 Act.
1882 1240 1977 1299 261
2011 1244 2107 1299 23.
2157 1240 2293 1299 Lux
2323 1239 2545 1297 Euan-

1514 1324 1661 1401 gelii
1700 1324 1873 1381 ultro
1906 1323 2280 1382 hominibus
2318 1325 2546 1381 oblata

1514 1416 1649 1478 est,
1694 1405 1835 1466 Ioh.
1872 1411 1926 1468 3:
1975 1428 2068 1486 ¹9·
2138 1409 2281 1466 Lux
2322 1411 2546 1485 appel-

1517 1491 1687 1548 latur
1716 1491 2009 1550 doctrina
2034 1491 2313 1562 Christi,
2344 1493 2549 1568 Apoc.

1525 1594 1617 1633 121
1671 1595 1725 1633 1.
1803 1574 1944 1634 Lux
1987 1578 2269 1656 gentium
2319 1575 2552 1633 Chris-

1515 1668 1615 1717 tus
1642 1703 1660 1731 ,
1700 1658 1842 1718 Ioh.
1872 1665 1932 1721 8:
1976 1680 2068 1719 12.
2140 1661 2276 1721 Lux
2316 1660 2546 1720 Mundi

1520 1743 1818 1801 Christus
1848 1787 1864 1817 ,
1937 1745 2100 1803 ibid.
2169 1760 2241 1812 24
2272 1790 2287 1815 ,
2353 1767 2410 1822 9:
2481 1749 2547 1803 5.

1522 1827 1661 1885 Lnx
1729 1849 1900 1887 mera
1962 1830 2029 1887 in
2093 1830 2272 1886 coeio
2317 1839 2455 1902 est,
2510 1847 2547 1886 2

2064 1912 2207 1972 Lux
2282 1911 2551 1971 veritati

1521 2004 1746 2075 grata,
1795 1996 1935 2055 Iob.
1985 2001 2042 2057 31
2096 2016 2195 2055 20.
2287 1996 2422 2054 Lux
2481 2006 2549 2055 et

1520 2080 1661 2139 vita
1699 2081 2177 2159 coniunguntur
2212 2082 2378 2156 apud
2417 2079 2552 2139 He-

1521 2163 1750 2220 braeos
1775 2207 1791 2236 ,
1830 2164 2109 2223 Graecos
2147 2175 2210 2224 et
2245 2165 2549 2239 Latinos,

1523 2245 1678 2305 Ioh.·
1738 2266 1790 2306 11
1833 2260 1921 2318 ’4.
2028 2250 2261 2308 anem
2336 2251 2547 2309 Moses

1524 2339 1714 2388 vocat
1738 2331 1942 2410 ignem
1969 2336 2239 2410 primurn
2266 2376 2282 2404 ,
2315 2352 2349 2390 2
2377 2334 2556 2392 Petr.

1528 2433 1582 2473 21
1622 2434 1682 2486 7.
1755 2415 1989 2474 Lucem
2031 2410 2203 2473 Dens
2247 2435 2323 2473 ex
2364 2426 2558 2474 tene-

1523 2498 1655 2556 bris
1735 2497 1896 2557 fecit
1964 2500 2291 2579 existere,
2367 2499 2557 2561 Rom.

1533 2601 1626 2644 11:
1681 2600 1778 2641 11.

427 2692 506 2730 ex
542 2671 680 2747 lege
710 2668 923 2744 aliqua
947 2665 1059 2724 sed
1078 2685 1157 2723 ex
1185 2664 1833 2745 antiquajLucifugae
1860 2710 1878 2742 ,
1948 2666 2122 2726 unde
2188 2666 2283 2725 ita
2350 2667 2555 2745 dicti,

430 2752 933 2827 consuetudine,
983 2747 1211 2808 Matth.
1253 2771 1311 2828 9:
1353 2735 1474 2858 23.’

388 2838 639 2917 Lugere
705 2854 820 2892 cur
876 2832 1117 2892 dicitur
1179 2849 1294 2912 pro
1342 2853 1452 2891 ex-

430 2921 945 2993 communicare,
1003 2937 1025 2974 1
1072 2916 1222 2975 Cor.
1257 2920 1317 2977 5:
1361 2936 1416 2975 2.

390 3006 578 3067 Luna
642 3004 966 3084 significat
991 2978 1214 3060 ’lucem
1272 3000 1458 3080 Legis

433 3111 506 3149 ac
531 3088 994 3167 Prophetarum
1014 3133 1032 3163 ,
1059 3086 1264 3164 Apoc.
1285 3106 1375 3146 121
1410 3106 1461 3143 1.

406 3176 556 3236 Ῥει·
620 3171 836 3231 lunam
922 3171 1256 3249 imperium
1332 3170 1480 3254 R0·,
2583 3243 2586 3246 Ἴ

1232 3254 1685 3336 Matth.'Lycii
1747 3256 1913 3314 unde
1955 3255 2125 3328 ,falso
2175 3254 2562 3314 Iudaeorum
2623 3275 2636 3286 ·

773 3338 991 3398 Lunae
1035 3346 1098 3397 et
1146 3339 1301 3396 solis
1357 3359 1464 3395 ca·
1538 3342 1975 3419 progenitores
2020 3342 2433 3397 nominentur
2476 3339 2559 3396 ab

431 3277 690 3320 manum
761 3253 1148 3329 denotatur,

434 3357 534 3413 241
586 3360 682 3420 29.

1529 2748 1671 2811 1011.
1716 2755 1772 2811 31
1825 2769 1923 2809 2ο.

1491 2833 1747 2913 Lychni
1831 2835 1903 2894 111
1986 2808 2228 2912 templo
2302 2834 2559 2894 incensi

1533 2919 1906 2997 mysterium
1935 2963 1953 2993 ,
2019 2918 2181 2997 Eph.
2240 2923 2298 2980 51
2363 2925 2398 2978 8
2429 2965 2445 2990 ,
2523 2938 2554 2978 1

1533 3003 1764 3063 Thess.
1795 3007 1853 3065 5:
1891 3007 1951 3063 5.
2024 3004 2271 3082 Lychni
2316 3013 2560 3081 septem

1533 3088 1832 3239 {lang-'elta
1855 3088 2254 3147 'indicabant
2269 3131 2288 3161 ,
2327 3085 2594 3148 Matihs

431 3428 564 3507 ligo
623 3423 775 3504 quid
832 3424 904 3481 in
953 3421 1168 3481 Sacris
1217 3423 1461 3501 signifi·
1538 3425 1848 3501 antiquis,
1896 3424 2045 3481 Luc.
2081 3428 2137 3485 3:
2176 3438 2271 3492 14.
2321 3422 2558 3502 Lycios

435 3521 581 3584 cet,
646 3517 708 3568 et
771 3507 1087 3585 quomodo
1137 3516 1463 3582 sumatur,
1536 3508 1757 3586 lingua
1816 3505 2167 3568 Phoenissa
2231 3528 2379 3566 usos
2440 3507 2560 3566 vix

435 3592 669 3654 Matth.
722 3606 817 3661 241
870 3608 970 3668 29.
1537 3592 1888 3664 credibile,
1938 3592 2098 3651 ibid.

396 3677 704 3739 Lunatici
743 3696 777 3733 a
822 3673 1098 3734 Caducis
1134 3673 1462 3747 distincti,
1498 3675 1729 3755 Lydda
1792 3678 1970 3734 vicus
2027 3676 2431 3735 Palaestinae
2479 3672 2564 3732 sd

440 3761 670 3824 Matih.
751 3772 810 3830 41
883 3772 982 3829 24.
1112 3759 1482 3820 Lunaticus.
1536 3780 1833 3820 occasum
1861 3759 2564 3837 Iordanis,Act.9:32.

437 3848 693 3907 morbus
746 3865 860 3902 sua
907 3841 1107 3903 hahet
1147 3845 1464 3904 interval·
1500 3843 1710 3922 Lydia
1771 3866 1808 3904 a
1867 3846 2006 3905 solo
2080 3846 2280 3906 natali
2340 3840 2560 3921 appel-

438 3933 543 4004 la,
593 3930 793 3989 Marc.
831 3948 889 4007 9:
941 3929 1042 3987 25.
1539 3930 1710 4001 lata,
1762 3931 1907 3988 Act..
1960 3930 2052 3990 161
2110 3945 2242 3997 14.’

397 4014 705 4074 Lustrare
784 4012 1113 4070 civitatem
1184 4005 1483 4070 1111111111111ι
1501 4011 1749 4092 Lydiae
1775 4014 2052 4074 feminae
2079 4013 2347 4073 vestium
2371 4016 2562 4068 textu

438 4097 654 4157 hostia
716 4096 942 4176 quibus
991 4103 1132 4154 erat
1179 4116 1353 4166 mos,
1403 4073 1485 4154 etl
1535 4097 1832 4175 nobiles,
1875 4098 2031 4157 ibid.
2489 4093 2492 4100 ⁴

438 4180 754 4262 quomodo
779 4179 1236 4261 peragebatur,
1262 4200 1283 4237 1
1317 4180 1467 4239 Cor.

378 4285 390 4328 ’.
439 4281 517 4335 41.
554 4269 649 4325 13.

400 4348 729 4411 Lustricus
767 4345 902 4404 dies
929 4346 1268 4405 infantium
1294 4349 1464 4429 apud

438 4434 801 4506 Romanos,
848 4430 1006 4489 Luc.
1057 4450 1109 4490 11
1153 4434 1258 4510 59.
