2779 5085
413 242 549 330 46*

1261 241 1783 304 INDEX

450 401 1487 478 memoriamrecolebant,Matth.
1564 403 1919 475 debebant,
1961 400 2121 460 Luc.
2144 401 2208 463 6:
2237 422 2341 465 22.
2407 403 2610 465 Stato

452 490 553 550 26:
585 489 685 548 26.
748 489 1114 548 iuramento
1152 489 1326 546 omni
1352 509 1485 547 non

450 574 948 647 abstinuerunt,
998 571 1231 631 Matth.
1275 576 1336 632 5:
1384 577 1485 642 34.

447 659 841 718 lavaverunt
873 657 1130 735 quidam
1161 678 1273 734 per
1311 658 1487 715 salu-

447 751 580 801 tem
631 740 971 800 Caesarum
990 785 1007 813 ,
1040 739 1273 800 Matth'.
1297 745 1357 802 5:
1381 746 1486 812 34.

450 826 731 899 Quidam
757 828 1108 883 noluerunt
1131 826 1346 885 iurare
1371 846 1486 906 per

426 912 720 970 -Genium
762 910 1056 969 Caesaris
1091 911 1200 968 vel
1227 910 1487 969 Princi-

447 996 548 1077 pis
572 1039 590 1069 ‚
639 1005 702 1053 et
734 1014 983 1074 quare..
1016 993 1289 1065 Quidam
1321 1015 1481 1053 vero

442 1080 833 1140 iuraverunt
854 1100 964 1156 per
991 1079 1259 1137 salntem
1287 1079 1505 1137 Prin*

445 1163 605 1243 cipis
650 1164 944 1220 omn-ibus
998 1162 1216 1222 Geniis
1252 1184 1478 1243 augus-

407 1248 680 1306 .tiorem
710 1291 730 1322 ,
778 1246 1107 1308 Matth.-5:
1154 1252 1256 1319 34.
1314 1249 1482 1327 Lap-

410 1353 545 1406 .sos
592 1341 736 1409 post
779 1332 1165 1410 baptismum
1212 1332 1284 1390 in
1328 1353 1479 1412 gra-

408 1466 413 1471 .
445 1436 713 1474 vissima
742 1435 1020 1474 crimina
1045 1417 1481 1481 commumoni

442 1521 580 1559 non
624 1500 1086 1578 restituebant,
1115 1501 1261 1562 Act.
1293 1505 1350 1561 8:
1380 1520 1480 1560 22.

447 1585 832 1645 Laudabant
859 1586 1314 1644 abstinentiam
1332 1607 1479 1644 ase-

449 1670 681 1728 cundis
730 1670 1017 1748 nuptiis,
1068 1670 1249 1729 Luc.
1271 1689 1326 1729 2:
1378 1670 1480 1730 36.

447 1755 831 1815 Macedones
877 1753 1294 1814 vehementer
1320 1774 1479 1814 vex-

447 1840 539 1897 ati
584 1860 621 1895 a
685 1838 940 1896 Iudaeis
1007 1848 1072 1897 et
1130 1840 1476 1918 gentibus,

414 1942 482 1982 -2
528 1922 677 1979 Cor.
719 1923 778 1980 8:
822 1943 880 1982 2.
959 1923 1218 1981 Molesti
1264 1933 1329 1982 et
1371 1925 1477 1981 lu-

450 2006 628 2064 daeis
673 2015 736 2064 et
782 2008 1077 2085 gentibus
1113 2027 1342 2085 quare,
1392 2010 1479 2066 A-

441 2111 589 2171 poc.
621 2110 716 2152 11:
753 2110 851 2153 10.
897 2089 1041 2149 Non
1079 2093 1292 2150 minus
1330 2092 1475 2149 sab-

439 2176 593 2233 bato
641 2194 827 2253 quam
856 2177 1221 2233 Dominicis
1248 2176 1474 2234 diebus

443 2259 965 2334 conveniebant,
1031 2261 1179 2318 Act.
1227 2262 1321 2318 15:
1377 2276 1476 2319 21.

444 2342 767 2403 Nonnulli·
824 2345 1142 2421 quomodo
1191 2345 1474 2422 Impera-

437 2437 650 2487 torum
722 2436 964 2486 statuas
1037 2428 1432 2488 honorarint
1457 2474 1472 2501 ‚

352 2533 363 2544 ‘
438 2513 549 2573 vel
588 2533 719 2571 non
764 2511 1193 2589 honorarint,
1243 2511 1474 2575 Matth.

437 2613 499 2669 4:
549 2618 619 2676 9..
696 2596 899 2656 Nudis
962 2595 1233 2677 pedibus
1295 2600 1475 2656 ince-

441 2683 721 2756 debant,
776 2682 981 2740 Marc.
1013 2684 1072 2742 6:
1102 2687 1188 2761 9.'
1224 2683 1321 2742 Ob·
1346 2703 1471 2740 nu-

441 2767 588 2824 dam
660 2765 1144 2825 Christianismi
1221 2767 1471 2846 profes-

437 2851 689 2909 sionem
755 2870 791 2908 a
850 2853 1148 2930 gentibus
1215 2852 1470 2929 puniti,

437 2933 671 2993 Matth.
717 2949 815 3010 24:
863 2957 923 3014 9.
1014 2937 1270 2995 Pacatis
1307 2946 1472 2995 tem-

406 3019 701 3099 ·poribus
731 3069 737 3076 .
771 3028 976 3079 certas
1038 3022 1222 3080 aedes
1269 3021 1473 3079 habe·

404 3103 599 3163 .bant
636 3104 703 3162 in
739 3105 970 3182 quibus
1006 3106 1468 3179 convenirent,

406 3204 470 3248 .1
516 3189 671 3246 Cor.
714 3204 813 3262 11:
849 3193 947 3250 18.
1014 3191 1285 3268 Propter
1312 3190 1470 3249 Car-

360 3303 361 3310 *
431 3272 846 3353 pooratianos
895 3275 1061 3334 male
1090 3275 1468 3347 audierunt,

434 3375 476 3415 2
502 3356 676 3414 Petr.
722 3375 776 3416 2:
809 3378 867 3417 2.
935 3359 1247 3430 Quamvis
1284 3359 1491 3437 pauci·

437 3442 517 3500 ab
580 3440 817 3516 initio,
883 3443 1082 3523 aliqui
1135 3453 1353 3502 tamen
1399 3444 1471 3501 in

438 3525 755 3605 dignitate
779 3527 1011 3604 positi,
1039 3527 1223 3586 Rom.
1254 3528 1349 3587 16:
1370 3532 1470 3588 23.

435 3610 605 3682 Quia
646 3630 837 3668 unum
904 3614 1108 3671 Deum
1168 3614 1473 3674 colebant

431 3715 552 3777 pro
590 3694 795 3754 atheis
832 3695 1039 3756 habiti
1068 3718 1103 3754 a
1131 3699 1426 3777 gentibus
1449 3741 1467 3772 ,

436 3779 672 3838 Matth.
713 3783 962 3854 10·25,
1014 3782 1209 3860 Apoc.
1242 3783 1337 3843 16:
1373 3798 1471 3841 ΙΙ.

434 3862 685 3933 Quibus
745 3876 1212 3926 tormentorum
1278 3887 1470 3946 gene-

432 3949 612 4005 ribus
655 3951 927 4008 cruciati
969 3952 1254 4026 fuerint,
1291 3952 1469 4009 Rom.

435 4033 494 4090 8.
527 4035 626 4091 38.
654 4033 932 4104 Quidam
958 4037 1074 4095 sub
1094 3997 1316 4095 Marco
1347 4036 1466 4093 lm-

429 4128 732 4196 peratore
784 4117 1188 4195 militarunt,
1241 4120 1467 4179 Matth.

431 4203 493 4261 5:
541 4214 646 4271 4ο.
733 4202 1009 4274 Quidam
1060 4226 1173 4264 cur
1219 4204 1467 4270 Iudais-

430 4285 523 4344 mi
588 4297 834 4367 partem
917 4292 1464 4362 observaverint,

430 4371 575 4452 Gal.
617 4377 678 4434 5:
734 4377 795 4435 3.
882 4372 1368 4454 Relegationem
1433 4395 1468 4431 a

398 4465 619 4517 ‘coetu
701 4460 1081 4518 necessario
1154 4480 1465 4538 instirpare

1529 3951 1770 4019 ¹mnndi

1735 494 1883 545 ante
1948 485 2154 546 lucem
2234 488 2607 550 convenire

1563 488 1665 547 die

1537 571 1736 635 soliti
1772 591 2155 651 carmenque
2194 572 2457 634 Christo
2492 576 2612 634 di-

1567 675 1711 715 cere
1733 700 1753 731 ‚
1801 656 1946 715 Act.
1971 672 2028 735 9:
2066 671 2161 727 14.
2229 660 2360 718 Ter
2387 661 2466 719 de
2493 660 2613 719 ‹lie-
2711 700 2718 705 -

1562 742 1879 814 orabant,
1927 740 2074 799 Act.
2120 747 2178 802 3:
2223 760 2278 810 1.
2323 743 2613 802 Usibili-

1560 826 1679 907 bus
1727 823 1928 905 signis
1955 826 2404 904 exprimebant
2430 829 2611 887 alle-

1563 909 1821 990 gorica,
1868 908 2066 968 Marc.
2107 912 2168 971 6·
2201 917 2300 975 13.
2366 911 2613 972 Chris-

1561 994 1723 1051 tiani
1770 994 1957 1052 multi
1987 1005 2178 1053 erant
2201 1017 2314 1077 per
2340 1018 2612 1056 omnem.

1560 1079 1818 1138 ltaliam
1865 1079 1981 1138 sub
2027 1080 2219 1139 finem
2266 1081 2609 1162 principa-

1558 1171 1661 1220 tus
1690 1162 2002 1235 Neronis,
2030 1161 2227 1225 Hebr.
2261 1170 2356 1227 13.
2387 1180 2490 1237 24.
2508 1195 2608 1212 —-

1562 1246 2082 1307 Christianorum
2145 1251 2359 1310 cantio
2412 1273 2609 1331 egre-

1558 1332 1664 1421 gia
1691 1333 1775 1390 in
1817 1333 2276 1412 promittendis
2317 1335 2602 1413 suturis,

1560 1409 1706 1477 Ac't.
1758 1419 1853 1477 18:
1905 1433 2023 1493 21,
2094 1437 2120 1481 1
2180 1418 2332 1478 Cor.
2386 1419 2483 1479 16.
2533 1437 2606 1497 7.

1562 1502 2011 1569 Constantiam
2080 1503 2314 1582 quibus
2382 1504 2602 1564 modis

1558 1586 1955 1645 labefactare
2039 1586 2169 1645 iam
2246 1588 2324 1646 ab
2393 1588 2602 1648 initio

1559 1670 1918 1730 tentaverit
1943 1670 2141 1730 Satan
2167 1716 2184 1744 ,
2231 1671 2462 1731 Matth.
2489 1686 2598 1743 24:

1563 1772 1662 1816 11.
1689 1796 1698 1807 .
1727 1755 1779 1814 Ε
1833 1756 2072 1815 Iudaea
2101 1754 2596 1835 ‘Hierosolymis

1557 1839 1844 1898 obsideri
1879 1862 1918 1898 a
1943 1834 2113 1899 Tito'
2134 1841 2412 1919 coeptis,
2437 1862 2600 1919 pro—-

1554 1923 1939 2004 fugientium
1979 1923 2308 2004 perfugia,
2361 1924 2599 1985 Mau-h.

1558 2022 1658 2078 24:
1689 2010 1787 2067 16.
1833 2008 2149 2067 Maximus
2179 2008 2597 2067 Christiano-

1554 2104 1693 2150 rum
1743 2111 2043 2150 numerus
2106 2091 2377 2151 Traiani
2422 2102 2598 2152 tem-

1554 2176 1859 2255 poribus,
1905 2176 2108 2254 Apoc.
2133 2190 2226 2246 143
2250 2196 2311 2237 2.
2358 2177 2596 2237 Chris-

1551 2262 1875 2318 tianorum
1897 2266 2192 2319 veterum
2215 2278 2453 2341 agapae
2476 2278 2593 2323 seu.

1555 2344 1863 2404 convivia
1898 2345 2068 2404 unde
2098 2355 2307 2404 ortum
2339 2344 2594 2406 habu-e-

1501 2446 1506 2453 ’
1549 2429 1725 2504 rint,
1777 2429 1929 2487 Lu'o.
1976 2444 2074 2499 14:
2124 2434 2221 2491 13.
2299 2429 2595 2490 Claude—
2657 2419 2667 2433 ’

1550 2515 1790 2574 bantur
1806 2513 2242 2590 Eucharistia’,
2259 2513 2405 2575 Act.
2420 2533 2593 2591 2017.

1552 2598 1794 2659 Eorum
1836 2601 2263 2659 conventibus
2308 2601 2589 2680 singulis
2625 2633 2630 2634 ff

1551 2699 1697 2743 suus
1764 2693 1905 2743 erat
1964 2686 2273 2764 magister
2332 2705 2446 2744 seu
2497 2684 2593 2744 E-

1549 2770 1894 2848 piscopus,
1964 2769 2036 2828 in
2085 2771 2286 2829 *rebus
2333 2770 2585 2849 magnis

1548 2854 1843 2933 magistri
1913 2874 1993 2913 ex
2053 2855 2350 2913 omnibus
2405 2855 2590 2913 urbis

1546 2939 1920 3019 regionibus
1967 2940 2269 3013 coibant,
2304 2938 2445 2997 Act.
2487 2942 2585 2999 13:
2683 2977 2686 2988 ·

1554 3040 1610 3082 1.
1698 3021 2218 3083 Christianorum
2287 3030 2586 3083 veterum

1548 3108 1826 3186 prompti
1891 3107 1962 3166 in
2016 3116 2287 3166 mortem
2335 3106 2578 3182 animi,

1550 3192 1734 3254 Rom.
1778 3195 1835 3250 8:
1885 3195 1987 3269 37.

1544 3276 1780 3335 triores
1803 3276 1983 3334 fuere
2008 3276 2126 3335 sub
2148 3275 2367 3354 primis
2390 3275 2586 3334 Prin-

1549 3360 1795 3438 cipibus
1866 3359 2256 3419 Christianis
2286 3404 2303 3432 ‚
2378 3358 2582 3438 Apoc.

1547 3462 1645 3504 21:
1661 3462 1715 3504 ῐ·.
1742 3444 2134 3516 Christianis
2151 3461 2458 3503 concessa
2473 3464 2585 3523 per

1548 3529 1910 3587 Adrianum
1953 3529 2162 3588 libera
2200 3526 2585 3608 Hierosoly-

1546 3635 1794 3673 morum
1837 3613 2161 3673 habitatio
2183 3611 2266 3672 ¹et
2296 3614 2419 3672 Dei
2441 3614 2585 3672 *cul-

1545 3707 1648 3756 tus
1700 3699 1988 3778 expulsis
2033 3697 2432 3758 ‘Iudaeorum
2477 3718 2583 3757 re-

1545 3782 1764 3859 liquiis
1795 3828 1813 3858 ,
1859 3784 2060 3861 Apoc.
2109 3801 2205 3844 10:
2242 3804 2301 3862 7.
2362 3783 2578 3859 Impu-

1544 3866 1853 3925 tabantur
1888 3869 1966 3927 ab
2008 3866 2375 3928 idololatris
2412 3866 2579 3924 mala

1800 3997 1817 4025 ,
1847 3952 2063 4033 ·Ap·oc.
2114 3954 2210 4014 1¹3:
2258 3950 2337 4025 6,
2391 3949 2489 4010 16:
2518 3971 2578 4029 9.

1544 4035 1942 4107 Quibusdam
1991 4038 2337 4097 observata
2375 4034 2576 4093 :Mosis

1548 4131 1886 4200 praecepta
1930 4141 2124 4200 usque
2176 4120 2257 4178 ad
2305 4117 2576 4177 Adriani

1545 4214 1831 4284 tempora
1859 4250 1877 4280 ,
1923 4205 2158 4266 Matth.
2207 4215 2304 4273 24:
2354 4220 2454 4262 20.
2494 4231 2580 4250 --

1547 4289 1954 4348 Christianos
2034 4289 2117 4350 ad
2187 4288 2471 4349 Leonem
2541 4306 2577 4346 a

1544 4374 1907 4433 Gentilibus
1975 4395 2054 4433 ex
2102 4374 2304 4454 Apoc.
2353 4390 2450 4453 13:
2502 4393 2574 4449 2,

1546 4476 1646 4519 21:
1674 4473 1738 4530 4.
1785 4458 2193 4520 Christianos
2218 4457 2302 4518 ad
2330 4458 2573 4517 indicia

2475 4561 2581 4600 ra-

2055 3191 2349 3249 Virtutes
2391 3190 2589 3249 illus·
2684 3195 2692 3206 '
