2779 5085
394 218 476 295 4⁸
1239 178 1840 289 lunnx'

429 372 731 432 naculum
753 378 990 432 vocata
1015 415 1034 446 ,
1061 367 1244 431 Rom.
1272 386 1328 443 [μ
1366 389 1461 431 ιι.
1531 378 1782 430 ‘amores
1811 413 1830 444 ,
1885 389 1911 433 1
1967 369 2119 430 cor.
2165 384 2261 445 142
2299 393 2363 455 ,7.
2449 371 2571 436 In-

428 458 697 536 Signum
741 465 882 515 erat
942 456 1456 518 circumcisionis
1530 442 1962 519 sti-amentum*
2021 457 2287 535 laudis,
2356 448 2567 541 Apoc.

423 542 759 617 internae,
809 541 989 604 Rom.
1021 560 1076 622 3:
1107 545 1218 618 28,
1261 555 1321 613 4:
1358 562 1453 607 11.
1529 541 1588 599 5:
1640 541 1722 615 8,
1780 553 1872 610 14:
1924 557 2007 613 2,
2061 543 2155 601 15:
2206 561 2267 602 2.

420 625 874 706 Aquibusdam
901 625 1280 686 Iudaeorum
1307 629 1452 687 uni·
1487 622 1752 682 Oittium
1792 622 2186 685 Phoenicum
2227 628 2299 686 in
2338 627 2562 709 Cypro

418 730 498 768 ca
544 711 625 768 ad
668 711 937 768 salutem
995 710 1106 771 via
1155 712 1449 787 credita,
1524 708 1786 767 colonia
1816 753 1835 784 ,
1884 729 1922 769 2
1967 706 2142 769 Petr.
2195 731 2250 791 3:
2290 733 2350 791 7.

384 844 391 851 .
421 795 502 853 ab
530 794 679 851 aliis
700 814 859 853 vero
883 814 1016 852 non
1043 838 1062 869 ,
1091 795 1239 854 Act.
1269 801 1361 857 152
1399 817 1451 857 ι.
1484 793 1667 853 civis
1701 794 1923 851 *bonus
1970 803 2068 852 est
2112 795 2218 874 qui
2250 815 2567 876 praesen-

420 878 845 937 circumcisio
883 878 1118 958 duplex
1145 881 1358 941 carnis
1385 891 1452 941 est
1520 886 1650 936 tem
1741 876 2232 957 Rempublicam
2315 878 2562 940 mutari

417 963 680 1038 cordis,
750 961 934 1019 Rom.
972 982 1033 1022 -22
1085 965 1210 1038 28,
1278 964 1449 1046 Eph.
1520 980 1655 1020 non
1716 961 1907 1036 vult,
1978 961 2210 1024 Matth.
2277 983 2376 1026 22:
2460 963 2564 1023 16.

416 1067 476 1108 21
535 1066 629 1105 ιι.
698 1045 930 1105 cordis
979 1048 1357 1107 necessaria‘
1382 1059 1450 1109 et
1522 1046 1717 1105 Cives
1787 1045 2096 1106 coelestes
2166 1049 2350 1122 inre,
2414 1068 2556 1107 non

416 1134 616 1189 a·Deo
642 1132 1033 1209 expetenda,
1061 1131 1317 1193 Rom-2:
1340 1136 1443 1210 28,
1515 1129 1917 1209 possessione
1995 1140 2184 1191 erant.
2254 1130 2560 1213 Apostoli

419 1214 589 1276 Phil.
639 1234 694 1295 3²
750 1234 809 1296 3.
895 1215 1319 1276 circumcisio
1371 1217 1444 1277 in
1518 1214 1663 1272 dum
1690 1215 2039 1292 viverent,
2090 1215 2289 1277 Hebr.
2325 1234 2421 1277 12:
2451 1235 2564 1297 23.

412 1300 578 1360 diem
651 1309 945 1359 octavum
1016 1320 1129 1359 cur
1192 1300 1442 1377 dilata,
1521 1298 1713 1358 Cives
1757 1299 1897 1375 tui,
1946 1299 2110 1363 Luc.
2157 1317 2256 1381 192
2298 1312 2410 1372 1401]
2444 1301 2561 1359 ci·-

410 1383 573 1445 Luc.
604 1403 654 1442 ιι
684 1386 785 1462 59.
853 1384 1208 1464 Praecepta
1235 1406 1270 1444 a
1302 1388 1443 1447 Mo·
1516 1382 1698 1442 vium
1758 1383 2025 1442 nomina
2070 1384 2241 1445 libro
2288 1385 2555 1466 publico

411 1489 520 1542 se,
567 1467 860 1548 quamvis
889 1468 1032 1544 ipso
1080 1471 1439 1550 antiquior,
1514 1466 1791 1527 inscribi
1835 1468 2031 1527 solita
2081 1470 2297 1529 multis
2346 1471 2413 1529 in
2451 1471 2559 1528 lo-

412 1553 560 1614 Act.
622 1557 714 1613 15:
772 1572 825 1612 ι.
912 1552 1097 1613 Notis
1165 1556 1439 1615 militum
1518 1552 1659 1627 cis,
1730 1553 1938 1632 Apoc.
1990 1573 2086 1635 13:
2137 1556 2199 1613 8.
2291 1554 2556 1614 ciirium

408 1646 866 1717 comparatur,
961 1637 1143 1703 Rom.
1208 1654 1268 1710 [μ
1347 1659 1442 1699 ιι.
1512 1636 1700 1716 regni
1775 1628 2074 1697 coelestis
2155 1639 2552 1716 matricula,

408 1721 691 1782 Posteris
757 1721 1112 1782 Abrahami
1190 1732 1440 1783 tantum
1516 1721 1716 1800 Apoc.
1760 1739 1861 1783 20:
1919 1741 2013 1786 12.

365 1807 760 1883 -imperata‚
800 1808 948 1866 Act.
979 1809 1072 1868 15:
1112 1826 1134 1866 1
1163 1851 1181 1882 ,
1212 1828 1309 1869 21:
1340 1828 1441 1870 21.
1475 1803 1723 1864 civitas
1808 1826 2041 1884 magna
2109 1827 2230 1885 pro
2295 1805 2500 1867 Roma
2526 1853 2549 1885 ,
2630 1823 2635 1828 ·

283 1939 293 1949 ,
367 1890 743 1962 .Quomodo
815 1913 925 1967 per
961 1893 1442 1952 excellentiam
1514 1888 1718 1969 Apoc.
1750 1889 1845 1950 16:
1881 1907 1999 1970 193
2047 1911 2166 1969 pro
2209 1889 2548 1970 Ecclesia,
2645 1906 2656 1917 ·

1512 1972 1716 2051 Apoc.
1736 1992 1837 2035 21:
1867 1992 1965 2035 Io.
1998 1975 2245 2035 Civitas
2275 1996 2390 2054 pro
2415 1986 2555 2038 ter·-

1510 2058 1740 2116 ritorio
1791 2059 2081 2117 civitatis
2107 2101 2125 2129 ‚
2175 2059 2335 2118 Luc.
2374 2081 2431 2120 2:
2464 2082 2496 2138 7
2526 2104 2550 2138 ‚

1511 2139 1653 2200 Ioh.
1715 2155 1777 2212 [μ
1826 2145 1888 2201 5.
1997 2140 2235 2201 Nostra
2301 2143 2551 2204 dicitnr

1509 2224 1619 2282 ubi
1646 2225 1852 2285 larem
1876 2225 2154 2299 fiximus,
2172 2227 2549 2310 Matth.9:J.

1510 2309 1754 2368 Sancta
1842 2309 2245 2370 Hierusalem
2315 2313 2491 2371 dicta
2519 2359 2541 2390 ,

1508 2414 1546 2454 2
1592 2393 1767 2454 Petr.
1811 2412 1912 2455 112
1941 2414 2000 2455 2.
2069 2394 2374 2456 civitatis
2416 2397 2551 2456 Ro-

1505 2498 1730 2538 manae
1800 2470 1899 2539 ius
1955 2480 2025 2538 in
2072 2480 2311 2540 Iudaea
2357 2481 2547 2542 Pauli

1505 2570 1794 2643 tempore
1838 2564 2119 2635 validius
2165 2567 2305 2625 iure
2333 2567 2549 2646 Syne-

1508 2646 1638 2705 drii
1665 2691 1684 2721 ,
1734 2648 1879 2709 Act.
1926 2653 2025 2709 25:
2074 2671 2137 2729 9.
2189 2650 2546 2712 Civitatum

1506 2752 1751 2810 poenae
1842 2753 1968 2796 cur.
2040 2735 2317 2801 seriores
2407 2737 2544 2795 sint

1504 2836 1692 2893 quam
1783 2816 2117 2878 hominum
2207 2820 2495 2880 omnium
2518 2864 2542 2898 ‚

1509 2901 1708 2978 Apoc.
1758 2921 1854 2982 13:
1909 2919 2007 2962 10.
2261 2955 2267 2962 .

1468 2983 1730 3045 clamor
1755 2987 2141 3047 seditionem
2177 2986 2540 3067 significat,

1489 3068 1707 3148 ·Apoc.
1751 3089 1852 3131 21:
1893 3085 1954 3142 4.
1999 3071 2213 3151 Equus
2240 3080 2336 3129 est
2360 3071 2537 3147 ira-e,

1507 3153 1676 3232 Eph.
1718 3176 1780 3237 4:
1832 3177 1933 3237 31.
1977 3154 2177 3214 Nocte
2204 3154 2398 3213 latius
2425 3175 2547 3214 au-

1507 3240 1719 3314 ditur,
1770 3238 2004 3302 Matth.
2041 3242 2139 3300 25:
2168 3242 2229 3298 5.
2277 3239 2544 3314 Clamor

1505 3325 1825 3406 pulsantis
1892 3324 2016 3383 Dei
2061 3324 2387 3403 significat
2434 3345 2546 3383 co-

404 1985 699 2034 vocetur.
807 1975 1138 2036 Sabbatho
1216 1979 1440 2057 peragi

358 2092 363 2095 -
401 2068 705 2139 poterat,
753 2058 896 2119 Iob.
940 2081 997 2137 7:
1049 2080 1149 2120 22.
1206 2063 1439 2121 Timo-

320 2196 336 2207 ,
400 2142 622 2203 theam
671 2161 805 2202 non
852 2145 1173 2223 obligavit
1217 2146 1435 2204 Iudai-

403 2227 493 2286 cis
556 2229 790 2288 ritibus
819 2270 838 2300 ,
934 2227 1093 2286 Luc.
1163 2243 1263 2299 24:
1340 2232 1438 2288 28.

406 2311 824 2370 Circumcisie
891 2311 1240 2370 infantium
1308 2313 1435 2393 sig-

397 2416 550 2454 num
594 2394 1250 2475 foederis'gentilitii,
1280 2397 1436 2457 Luc.

407 2498 461 2540 1:
508 2483 614 2559 59.
709 2479 1239 2540 Circumcisionis
1298 2480 1435 2540 die-

350 2565 516 2634 -Vbus
566 2565 833 2622 nomina
887 2565 1247 2625 infantibus
1315 2567 1429 2625 im-

326 2641 333 2648 *
399 2649 612 2728 posita
637 2649 804 2727 apud
841 2649 1112 2709 Iudaeos
1138 2694 1157 2724 ,
1201 2659 1271 2709 ut
1298 2651 1432 2710 die-

398 2734 519 2791 bus
560 2733 843 2792 lustricis
874 2735 1043 2811 apud
1070 2733 1391 2794 Romanos
1414 2780 1432 2808 ,

403 2817 565 2878 Luc.
614 2837 664 2876 1:
711 2820 815 2897 59.
907 2819 1432 2879 circumcisionis

350 2899 776 2961 <obedientia
844 2923 1036 2961 causa
1104 2924 1236 2962 non
1309 2904 1434 2962 suit

394 2986 860 3067 promissorum
888 2987 1255 3047 Abrahamo
1294 2988 1432 3047 sac-

393 3080 655 3145 torum,
705 3071 853 3130 Act.
899 3092 958 3151 7:
1007 3074 1068 3131 8.
1140 3073 1429 3133 Circum-

398 3155 666 3215 cisionis
710 3159 1121 3236 praeceptum
1184 3158 1428 3216 Sabba-

395 3239 495 3298 thi
530 3249 876 3319 praecepto
904 3241 1260 3319 antiquius,
1290 3241 1431 3301 Ioh.

348 3322 462 3382 ·.6:
508 3343 609 3404 23.
678 3324 1214 3385 circumcisionis
1241 3348 1432 3406 prae-

278 3444 289 3458 ·
345 3451 353 3468 q
398 3416 659 3487 ceptum
701 3428 817 3468 cur
860 3410 1093 3470 stabile
1131 3420 1199 3470 et
1245 3431 1430 3490 prae·
1505 3408 1707 3487 gitata
1748 3411 1992 3469 iniecta
2035 3408 2116 3467 ad
2150 3410 2543 3471 monendam

390 3492 647 3571 ,cipuum
709 3514 744 3551 a
811 3493 1065 3554 Iudaeis
1098 3537 1099 3542 κ
1129 3503 1429 3555 'vocatum
1505 3495 1865 3574 peccatoris
1909 3492 2378 3553 conscientiam
2405 3538 2425 3570 ,
2452 3494 2546 3554 A-

344 3619 349 3624 -
401 3577 529 3652 sit,
582 3576 722 3639 Gal.
768 3581 830 3654 5:
882 3578 971 3636 6.“’
1504 3598 1660 3654 ροο.,
1695 3598 1750 3660 3:
1797 3599 1901 3639 2ο.

359 3659 780 3727 Circumcisio
827 3684 946 3742 pro
991 3662 1427 3737 circumcisis,
1467 3660 1757 3721 Classico
1806 3660 2296 3722 convocabatur
2342 3685 2544 3742 popu-

345 3791 355 3805 .
398 3746 581 3805 Rom.
611 3765 667 3827 3:
703 3766 804 3828 3⁰·
871 3747 1293 3807 circumcisio
1321 3757 1430 3806 tua
1502 3746 1622 3805 lus.
1651 3748 1820 3825 apud
1877 3745 2207 3806 Hebraeos
2237 3746 2541 3816 ,Graecos

316 3839 323 3846 ’
393 3833 800 3910 praeputium
845 3832 1019 3891 facta
1065 3842 1206 3907 est,
1276 3829 1567 3913 quidet
1612 3832 1884 3892 Latinos
1914 3876 1931 3905 ,
1989 3829 2222 3892 Manli.
2265 3844 2365 3900 24:
2417 3849 2536 3912 3²)

399 3915 768 3993 significet,
820 3916 1003 3976 Rom.
1052 3937 1108 3978 2:
1161 3922 1262 3978 25.
1483 3932 1602 3992 27:
1651 3918 1773 3992 38,
1828 3932 1853 3977 1
1908 3914 2139 3975 Thess.
2180 3927 2241 3984 4:
2295 3909 2393 3977 16.
2489 3963 2502 3972 ,,

358 3998 905 4079 circumspectare
961 4022 1081 4082 pro
1152 4022 1428 4076 cavere,
1466 4001 1713 4059 Clauda
1757 4001 2011 4075 insula,
2058 4000 2347 4076 Act-„272
2399 3998 2497 4057 16.

399 4082 540 4140 Gal.
586 4083 646 4144 6:
699 4101 793 4144 1.·’
1216 4143 1221 4148 ,
1288 4127 1297 4134 r
1467 4086 1778 4144 Claudius
1814 4085 2050 4144 Caesar
2080 4082 2392 4141 Achaiam
2421 4081 2548 4143 Se?

356 4166 716 4236 citationes
809 4167 1279 4248 Prophetarum
1367 4179 1431 4229 et
1503 4172 1698 4228 natui'
1726 4169 2057 4243 reddidit,
2105 4167 2249 4226 Act.
2299 4169 2391 4226 18:
2441 4186 2541 4228 12.

398 4250 666 4310 Homeri
734 4254 1051 4332 quomodo
1121 4253 1296 4313 inter
1364 4276 1432 4313 se
1506 4254 1691 4313 Nunc
1764 4254 1937 4326 mitis
2012 4271 2187 4310 nunc
2258 4271 2490 4331 saevus
2518 4296 2539 4328 ,

360 4351 369 4360 ⁸
399 4346 894 4416 comparentur,
941 4338 1170 4400 Matth.
1204 4358 1225 4396 1
1248 4359 1296 4397 1:
1333 4358 1429 4402 10.
1505 4341 1710 4418 Apoc.
1743 4359 1836 4421 13:
1869 4358 1927 4397 2.
1981 4334 2301 4397 Matronia
2336 4336 2539 4416 magis

357 4420 631 4483 cithara
676 4422 858 4483 canit
900 4443 1008 4482 res
1055 4422 1333 4483 Heroum
1369 4433 1437 4483 et
1504 4444 1622 4505 per
1685 4419 2150 4484 contumeliam
2194 4441 2384 4501 quam
2428 4442 2547 4563 pler

1545 4523 1558 4537 .
2491 4526 2554 4563 1„
