2779 5085
667 198 1060 308 RERUffi
1142 268 1241 308 111·
1327 219 1986 318 ΫΔΕΒΒΟΒΠΜ.

244 399 511 483 spicata
570 404 806 486 qualis·
857 418 1037 483 vox,
1121 405 1323 501 Marc.

301 504 394 558 143
447 493 507 550 3.

246 571 677 651 Spinacarni
719 573 935 632 indita
991 573 1323 654 significat

290 658 581 719 dolorem
628 658 970 717 admodum
1030 679 1320 738 pungen-

286 750 460 816 tem,
526 760 563 802 2
612 740 765 800 Cor.
812 762 904 803 123
952 759 1014 821 7.
1101 742 1319 820 Spinis

287 826 593 884 coronari
630 846 743 883 cur
771 826 1067 886 debuerit
1092 824 1320 887 Chris-

279 901 391 967 't'us
418 954 438 985 ,
484 904 716 970 Matth.
760 929 857 986 27:
910 930 1009 991 29.

244 992 563 1072 S‘pirandi
612 994 881 1052 verbum
926 996 996 1053 in
1041 1016 1157 1055 usu
1202 1014 1317 1055 ve-

284 1078 548 1137 teribus·
580 1078 658 1137 de
707 1077 910 1137 Verbi
956 1079 1319 1139 emanatio—

284 1182 414 1236 ne,
467 1162 667 1222 Marc.
716 1182 772 1223 2:
820 1167 881 1221 8.

241 1243 629 1327 spiritualia
666 1246 980 1307 beneficia
1012 1267 1145 1305 non
1186 1244 1315 1305 nisi

281 1330 354 1403 in
425 1330 753 1389 Christum
836 1331 1312 1391 confidentibus

286 1415 749 1489 conferuntur,
836 1413 975 1475 Ioh.
1046 1435 1139 1475 113
1209 1429 1315 1485 40.

286 1498 667 1577 spiritualia
704 1500 873 1558 dona
904 1507 1054 1556 sunt
1087 1498 1310 1556 arrha-

284 1582 367 1641 bo
409 1583 663 1642 suturae
705 1586 877 1641 vitae
926 1583 1311 1660 spiritualis,

284 1684 324 1728 2
367 1666 521 1725 Cor.
571 1686 622 1726 13
671 1686 774 1726 22.
863 1665 1003 1725 Non
1047 1668 1313 1726 omnino

282 1750 366 1808 ad
408 1751 680 1810 salutem
719 1759 871 1809 sunt
913 1752 1310 1825 necessaria,

288 1853 315 1892 1
385 1833 537 1894 Cor.
603 1846 696 1903 143
774 1853 829 1893 1.
931 1833 1312 1914 Spiritualia

280 1917 749 1996 temporalibus
813 1937 1064 1997 semper
1133 1927 1306 1977 ante·

279 1999 591 2076 ferenda,
640 2001 780 2061 Ioh.
826 2015 885 2072 43
936 2008 1036 2063 32.

240 2086 526 2164 Spiritus
564 2106 696 2144 vox
728 2107 914 2165 quam
944 2087 1071 2145 late
1099 2093 1311 2162 pateat

280 2171 453 2248 apud
503 2168 871 2245 Hebraeos,
926 2171 1075 2229 Luc.
1101 2191 1159 2249 9:
1189 2174 1307 2244 55,

281 2253 466 2313 Rom.
535 2258 597 2314 8:
669 2257 768 2316 15.
888 2255 1013 2314 Pro
1079 2254 1310 2315 affectu

193 2352 200 2359 ”
279 2340 479 2425 animi
529 2341 836 2413 sumitur,
892 2338 1117 2402 iPetr.
1167 2344 1309 2410 334.

279 2422 404 2484 Pro
465 2425 758 2502 appetitu
804 2443 1012 2481 rerum
1066 2424 1302 2485 coeles-

277 2508 478 2582 tium,
531 2507 723 2567 Hebr.
758 2520 818 2578 43
859 2526 950 2567 12.
1018 2509 1144 2569 Pro
1191 2509 1306 2566 mi·-

276 2595 521 2652 raculis
550 2593 847 2666 Divinis,
885 2612 907 2651 1
937 2593 1106 2650 Tim.
1128 2596 1185 2654 3:
1215 2594 1307 2655 16.

280 2677 405 2737 Pro
450 2678 895 2755 spiritualibus
918 2724 935 2753 ‚
965 2678 1103 2735 Ioh.
1123 2678 1182 2738 6:
1206 2679 1307 2739 63.

280 2757 406 2822 Pro
449 2774 694 2836 vento,
758 2759 901 2820 Ioh.
951 2766 1005 2821 3:
1058 2765 1116 2820 8.
1183 2762 1307 2820 Pro

279 2865 440 2906 voce
464 2891 479 2917 ‚
513 2850 715 2925 Apoc.
742 2849 833 2906 133
870 2846 964 2902 15.
1009 2845 1134 2904 Pro
1161 2847 1307 2903 sub-

279 2931 520 2988 stantia
578 2950 739 3008 quae
799 2930 1057 3004 corpori
1107 2930 1306 2988 vitam

280 3016 774 3087 subministrat,
864 3012 997 3072 Iac.
1079 3031 1136 3073 23
1212 3014 1309 3072 26.

279 3094 406 3159 Pro
454 3109 591 3157 toto
637 3098 847 3156 animo
886 3106 949 3156 et
989 3098 1125 3156 eius
1161 3119 1307 3174 par·

259 3184 493 3264 tibus,
543 3182 777 3244 Matth.
821 3182 918 3243 26:
948 3195 1063 3256 41,
1109 3185 1205 3241 283
1236 3203 1306 3261 9,

279 3267 487 3328 Marc.
528 3269 592 3329 ’83
653 3285 765 3342 12,
832 3268 988 3326 Luc.
1043 3284 1136 3328 103
1190 3284 1306 3340 21,

277 3350 419 3412 loh.
473 3372 565 3413 113
617 3354 735 3425 33,
778 3350 906 3423 63,
975 3350 1104 3410 Iac.
1141 3363 1204 3423 4:
1249 3353 1309 3411 5.

277 3436 549 3513 Spiritui
590 3436 897 3495 tribuitur
925 3435 1027 3496 vis
1057 3437 1305 3511 activa,

278 3519 512 3582 Matth.
567 3539 660 3580 123
715 3523 814 3581 28.

235 3604 514 3685 Spiritus
565 3624 678 3681 per
713 3605 1166 3672 excellentiam
1192 3624 1306 3663 vo·

282 3698 470 3746 catur
532 3690 744 3755 Dens,
820 3709 841 3748 1
899 3689 1047 3746 Cor.
1096 3707 1188 3748 103
1249 3691 1308 3749 3.

276 3767 569 3831 Vocatur
619 3769 859 3831 Christi
909 3772 1149 3831 Divina
1190 3793 1302 3832 na-

274 3865 460 3931 tura,
510 3857 713 3917 Marc.
753 3876 807 3915 23
853 3858 915 3916 8.

234 3942 516 4021 Spiritus
565 3941 689 4000 Dei
731 3960 888 4018 quos
938 3939 1116 4019 agit,
1186 3939 1307 4000 filii

276 4028 399 4087 Dei
444 4026 748 4085 dicuntur
783 4024 1133 4084 excellenti
1172 4045 1293 4082 mo·

276 4112 406 4185 do,
484 4109 670 4170 Rom.
708 4112 766 4168 8:
825 4120 919 4177 14.
1028 4107 1305 4187 Spiritus

274 4192 399 4255 Dei
453 4194 795 4273 Prophetis
837 4213 917 4251 ex
956 4193 1303 4270 particula,

278 4279 546 4340 Christo
612 4299 776 4339 ¹vero
840 4276 1307 4355 perfectissime

277 4364 463 4443 datus
494 4409 512 4437 ,
587 4385 609 4423 1
660 4363 815 4423 Cor.
863 4380 918 4421 23
974 4380 1069 4420 11.
1175 4358 1303 4419 Nos

277 4450 525 4508 excitat
583 4458 650 4506 111
696 4449 857 4507 bene
906 4467 1092 4526 agere
1135 4444 1301 4505 veli-

2303 266 2427 335 227

1394 424 1579 483 mus,
1625 410 1693 463 et
1735 404 1901 466 bene
1938 418 2197 488 agentes
2240 411 2426 473 adiu*

1396 496 1554 562 vat,
1605 487 1762 546 Luc.
1815 509 1907 566 173
1956 513 2017 571 7.
2097 495 2428 558 Discernit

1397 580 1718 631 momenta
1781 582 2177 655 temporum,
2268 580 2428 642 Luc.

1402 674 1495 716 103
1558 656 1663 714 56.
1776 657 2052 736 Spiritus
2121 663 2237 721 ille
2314 666 2424 744 qui

1393 740 1600 799 nostri
1622 759 1816 799 cansa
1834 744 1901 801 in
1924 743 2185 806 homine
2202 745 2427 808 Chris-

1393 832 1460 883 to
1507 824 1670 911 fuit,
1712 834 1810 885 est
1849 828 2045 907 ipsius
2082 824 2204 889 Dei
2239 834 2424 892 velut

1393 908 1605 985 portio
1669 918 1735 991 et
1791 909 2337 992 instrumentum,
2390 937 2418 977 1

1396 992 1548 1052 001⁸·
1589 1011 1648 1052 22
1711 1013 1807 1068 ¹7⁶

1350 1077 1628 1155 Spiritus
1659 1075 1904 1136 Christi
1924 1099 2174 1162 semper
2197 1079 2427 1142 Chris-

1386 1161 1442 1218 ti
1490 1161 1712 1219 verbis
1757 1174 2118 1245 consonat,
2168 1165 2308 1225 Gal.
2354 1171 2417 1229 52

1396 1245 1492 1303 16.
1577 1245 1837 1329 Dicitur
1885 1246 2165 1327 Spiritus
2211 1248 2423 1311 Sanc-

1386 1338 1529 1402 tus,
1585 1349 1607 1388 1
1658 1329 1832 1395 Petr.
1888 1350 1939 1392 13
1998 1338 2093 1392 11.

1347 1412 1628 1490 Spiritus
1652 1414 1954 1491 Sanctus,
1972 1416 2176 1477 curin
2199 1418 2424 1500 Scrip-

1388 1504 1537 1556 tura
1606 1492 1890 1575 Spiritus
1960 1501 2169 1560 Patris
2223 1523 2425 1564 voce·-

1386 1589 1537 1653 tur‚
1587 1579 1768 1644 Rom.
1812 1584 1871 1641 83
1927 1602 2019 1641 11.
2106 1584 2185 1644 111
2230 1586 2419 1648 Novo

1389 1660 1630 1723 Federe
1651 1665 2001 1743 promissus
2018 1711 2037 1741 ,
2060 1668 2215 1747 quid
2235 1691 2424 1748 prae·-

1389 1755 1560 1822 stet,
1609 1746 1767 1807 Luc.
1822 1768 1874 1812 13
1926 1754 2028 1828 75.
2117 1752 2249 1813 Cur
2300 1773 2423 1813 vo-

1386 1841 1569 1892 cetur
1641 1830 1908 1908 Novus,
1982 1834 2166 1894 Rom.
2232 1857 2292 1912 7:
2356 1836 2421 1897 6.

1388 1915 1537 1975 Cur·
1582 1928 1855 1976 vocetur
1914 1914 2160 1978 Christi
2208 1920 2421 2000 Spiri-

1384 2010 1531 2075 tus,
1578 2020 1616 2061 2
1645 1998 1794 2060 Cor.
1830 2005 1889 2062 32
1932 2022 2032 2078 17,
2080 2004 2221 2063 Gal.
2253 2019 2314 2074 43
2354 2005 2420 2067 6.

1388 2086 1637 2143 Auctor
1674 2086 2036 2145 nativitatis
2083 2087 2325 2147 Christi
2353 2097 2420 2149 et

1386 2170 1634 2249 piorum
1660 2189 1869 2229 novae
1895 2181 2198 2248 naturae,
2219 2172 2274 2232 H
2281 2174 2419 2234 ebr.

1387 2273 1444 2314 23
1500 2271 1595 2311 11.
1684 2254 1961 2334 Legatus
2026 2266 2168 2331 est,
2261 2257 2418 2318 Luc.

1395 2337 1487 2398 163
1561 2341 1656 2400 13.
1744 2339 1999 2397 Dicitur
2063 2339 2415 2402 Promissio

1387 2421 1551 2499 Dei,
1617 2421 1783 2502 Eph.
1850 2427 1908 2484 31
1965 2423 2026 2481 6.
2109 2423 2415 2483 Vicarius

1386 2505 1638 2566 Christi
1705 2514 1847 2582 est,
1925 2505 2069 2567 Iob.
2135 2507 2229 2570 163
2288 2513 2414 2591 13,

1386 2590 1571 2649 Rom.
1617 2593 1675 2653 83
1730 2609 1828 2652 10.
1914 2590 2033 2651 Est
2097 2593 2414 2673 villicus,

1382 2675 1451 2733 id
1498 2683 1635 2749 est,
1696 2676 2107 2754 dispensator
2153 2676 2415 2753 Patris,

1382 2758 1525 2820 Ioh.
1576 2759 1669 2820 163
1724 2762 1822 2821 15.
1889 2759 2146 2821 Nemini
2185 2763 2416 2838 datur,

1383 2844 1507 2900 nisi
1536 2863 1650 2921 per
1679 2839 2041 2920 Christum,
2073 2844 2213 2905 loh.
2241 2866 2291 2907 13
2314 2851 2420 2910 32.

1385 2926 1531 2984 Olei
1632 2927 1927 3006 symbolo
2018 2928 2413 3005 denotatur,

1383 3007 1616 3069 Matth.
1681 3013 1781 3070 25:
1853 3012 1912 3068 8.
2002 3010 2144 3081 Quo
2209 3016 2416 3075 maior

1382 3100 1481 3152 est
1503 3137 1531 3166 ,.
1560 3113 1634 3151 eo
1666 3092 2024 3151 minoribus
2047 3115 2203 3173 opus
2227 3118 2419 3176 prae·
2510 3093 2517 3106 ⁸

1383 3178 1690 3256 scriptis,
1782 3195 1807 3235 1
1898 3174 2129 3237 Thess.
2207 3192 2268 3249 43
2353 3201 2417 3260 9.-

1385 3259 1586 3328 Nobis
1649 3261 1878 3338 datus,
1935 3281 2061 3338 quo
2117 3269 2415 3341 utamur,

1385 3346 1568 3404 Rom.
1615 3348 1673 3405 8:
1720 3349 1833 3422 12.
1902 3343 2060 3408 Cum
2109 3367 2264 3408 cura
2298 3346 2420 3408 ha-

1380 3429 1524 3491 beri
1566 3431 1710 3490 vult
1765 3440 1895 3488 tam
1956 3452 2216 3513 magnus
2260 3432 2419 3491 hos·-

1383 3537 1493 3595 pes
1524 3559 1541 3589 ,
1611 3514 1852 3594 alioqui
1901 3514 2186 3597 hospitio
2233 3519 2421 3576 vale-

1383 3600 1592 3674 dicit‘,
1641 3598 1807 3678 Eph.
1847 3612 1908 3670 43
1944 3604 2024 3661 30
2050 3644 2070 3675 ,
2123 3619 2148 3659 1
2181 3599 2416 3676 Thess.

1379 3697 1440 3754 43
1491 3687 1551 3743 8.
1639 3684 1708 3743 51
1772 3684 2053 3743 sollicite
2115 3694 2414 3745 servetur

1382 3768 1463 3826 ad
1509 3776 1810 3842 mortem,
1856 3777 1922 3826 et
1956 3775 2100 3849 post
2141 3777 2415 3829 mortem

1378 3873 1574 3930 usque
1606 3851 1684 3910 ad
1706 3842 2245 3912 resurrectionem
2270 3855 2417 3911 ani-

1382 3937 1499 4006 mis
1529 3935 1839 3995 adhaeret
1866 3935 2414 4013 Christianorum,

1388 4040 1411 4079 1
1462 4019 1693 4079 Thess.
1734 4023 1794 4081 53
1842 4024 1942 4083 23.
2029 4019 2173 4080 Non
2222 4021 2416 4083 datur

1380 4105 1506 4163 nisi
1552 4105 1782 4180 iustis,
1838 4103 1909 4164 id
1955 4113 2096 4181 est,
2145 4108 2417 4167 munda-

1379 4190 1463 4249 tis
1493 4190 1708 4248 animo
1732 4233 1749 4261 ,
1796 4187 1980 4253 Rom.
2005 4208 2061 4250 23
2095 4193 2190 4263 13,
2219 4210 2275 4269 73
2312 4211 2419 4268 17,

1379 4294 1438 4352 9:
1496 4293 1514 4330 1
1548 4318 1564 4347 ,
1630 4273 1771 4332 Gal.
1815 4277 1871 4335 3:
1920 4294 1978 4336 2.
2068 4276 2412 4354 Apostolos

1378 4367 1443 4417 et
1492 4357 1941 4437 Euangelistas
1986 4358 2057 4417 in
2104 4358 2411 4418 doctrina

1378 4441 1778 4523 Euangelica
1829 4442 2284 4512 confirmavit,
2340 4443 2411 4501 iu

1457 4525 1502 4583 P
1534 4545 1569 4584 2
2266 4546 2413 4584 cae·
