2779 5085
592 207 982 271 RERUM
1075 229 1184 271 m>
1264 184 1928 277 vERssoth.

2342 220 2348 234 ,

2240 238 2361 298 203

218 380 357 432 tum
385 412 404 444 ‚
449 367 683 431 Matth.
726 372 790 430 5:
835 387 937 428 2ο.
1006 367 1147 429 Hoc
1188 326 1294 429 in⁵
1336 370 1522 430 Rom.
1564 368 1660 432 16:
1708 358 1827 450 17.Ι
1867 369 2023 433 Eius
2064 375 2367 449 substan-

222 478 290 517 se
337 457 664 533 suscipere
707 453 1091 513 dicebantur
1131 453 1259 515 He-

225 540 442 601 braeis
491 540 597 618 qui
649 538 809 618 Legi
860 559 927 597 se
977 540 1262 599 subiice-

220 635 406 698 rent,
455 626 805 685 Marc..1o:
859 626 955 685 15.
996 624 1260 683 Descri—

103 710 110 723 '
221 710 290 770 bi
357 709 431 768 id
500 708 668 767 solet
730 707 863 767 cibi
931 728 1008 766 ac
1073 718 1261 787 potus

221 795 519 867 nomine,
563 791 725 851 Luc.
766 811 858 851 12:
893 796 995 853 32.
1058 791 1260 873 Regni

1333 455 1426 513 tia
1472 454 1627 534 quid
1662 456 1986 534 requirat,
2034 460 2233 521 Marc.
2266 480 2360 522 12:

1334 559 1436 619 29.
1485 539 1882 619 Religionem
1922 545 2163 603 nullam
2190 566 2364 623 esse,

1335 627 1389 683 si
1437 624 1612 683 Deus
1655 645 1873 683 rerum
1926 625 2370 690 ‘humanarum

1338 708 1859 789 procurationem
1922 713 2185 773 ,nullam
2253 714 2374 775 ha-

1309 791 1923 868 'beat,Heb1³.1i:
1973 796 2034 855 6.

226 881 529 939 coelestis
574 897 815 935 arcana
857 897 991 937 non
1028 898 1260 956 propo-
1300 878 1551 958 Religio
1571 877 1728 959 quid
1753 878 2012 939 dicatur
2031 879 2371 956 Hebraeis,

220 974 472 1023 nuntui
519 960 993 1041 negligentibus
1034 963 1261 1042 poeni·
1340 963 1553 1022 acor.
1599 965 1660 1024 5:

221 1050 471 1107 tentiae
536 1045 989 1120 hortamenta,
1063 1046 1262 1105 Marc.

223 1148 286 1204 4:
333 1146 459 1202 24.
544 1130 696 1190 Eius
757 1130 976 1188 munia
1035 1130 1257 1190 distri·

222 1217 370 1276 buit
451 1215 748 1275 Christus
839 1223 1154 1291 potestate
1224 1237 1260 1274 a

226 1303 421 1361 Patre
450 1308 743 1377 accepta,
774 1298 1003 1358 Matth.
1034 1319 1129 1359 20:
1159 1304 1259 1360 23.

224 1387 387 1447 Eius
430 1386 692 1444 nomine
727 1404 886 1460 quae
923 1395 989 1442 et
1017 1396 1256 1462 quanta

223 1472 397 1530 bona
465 1468 957 1549 significentur,
1034 1469 1257 1527 Matth.

1771 961 1963 1022 Falsa
2010 966 2377 1045 appellatur

1333 1047 1475 1105 fera
1537 1057 1601 1108 et
1645 1046 1905 1123 bellua,
1958 1052 2155 1129 Apoc.
2190 1053 2282 1112 13:
2319 1070 2374 1109 ι.

1334 1131 1509 1191 Vera
1585 1126 1776 1193 fidem
1855 1137 2166 1213 requirit,
2256 1136 2373 1195 sed

1332 1217 1669 1294 perficitur
1709 1217 2145 1278 beneficentia
2177 1227 2243 1280 et
2268 1220 2375 1278 vi-

1333 1311 1434 1359 tae
1466 1301 1740 1380 puritate
1764 1346 1782 1377 ,
1831 1303 1959 1361 lac.
1997 1326 2043 1362 i:
2075 1324 2176 1380 27.
2221 1305 2374 1364 Pol-

1331 1385 1535 1445 luitur
1579 1386 1778 1465 magis
1825 1386 2155 1447 funestato
2183 1410 2372 1467 quam

1333 1480 1586 1528 mortno
1660 1471 2014 1531 Sacerdote
2040 1517 2061 1548 ,
2140 1472 2372 1534 Matth-

224 1559 287 1616 5:
358 1559 441 1628 3,
513 1544 667 1613 L'uc.
729 1574 788 1632 9:
858 1551 964 1610 62.
1050 1552 1255 1633 Regni
1336 1562 1394 1613 8:
1450 1574 1546 1617 22.

226 1639 525 1699 coelestis
587 1658 778 1697 voces
836 1636 1096 1696 iunctae
1155 1640 1257 1696 in-
1297 1638 1549 1718 Religio
1578 1637 2228 1718 Christianapraeter
2250 1643 2371 1702 Dei

221 1724 446 1784 trandi
488 1722 710 1783 verbis
738 1765 757 1797 ,
804 1721 1078 1801 gloriam
1111 1743 1255 1793 coe-

113 1840 118 1845 ·
222 1809 448 1868 lestem
477 1808 798 1879 indicant,
833 1804 1259 1866 Matth.5:2o.

181 1892 476 1974 Regnum
500 1892 620 1966 Dei
645 1892 831 1970 quid,
858 1889 1088 1949 Matth.
1111 1895 1167 1950 3:
1191 1911 1257 1965 2,

227 1980 289 2038 6:
317 1981 440 2051 33,
485 1981 579 2047 ιδ.
612 1980 727 2054 39,
765 1977 857 2034 16:
888 1979 998 2048 28,
1031 1994 1128 2035 21:
1157 1982 1259 2046 43.

226 2061 475 2133 Quibus
522 2062 592 2119 in
616 2061 809 2118 rebus
839 2061 1123 2118 maxime
1152 2082 1256 2138 ap-

223 2154 490 2228 pareat,
556 2164 575 2203 1
635 2144 786 2203 Cor.
830 2157 891 2215 4:
942 2164 1043 2203 2ο.
1141 2144 1261 2203 Hic

219 2230 570 2291 inchoatur
640 2228 757 2308 per
818 2249 1038 2307 pacem
1105 2235 1257 2288 con·

226 2317 586 2390 scientiae,
653 2314 725 2371 in
787 2314 991 2372 altero
1043 2315 1258 2373 seculo

220 2422 336 2483 per
379 2419 685 2460 summam
726 2397 1107 2458 felicitatem
1149 2396 1261 2457 ab·

222 2487 557 2560 solvetur,
604 2482 745 2546 loh.
792 2487 849 2545 3:
891 2488 951 2545 3.
1022 2485 1259 2563 Aequi·-

224 2573 397 2631 ritur
442 2590 556 2649 per
603 2570 835 2627 multas
883 2569 1256 2630 afflictiones

227 2656 526 2734 exemplo
557 2653 826 2728 Christi,
853 2654 1007 2713 Luc.
1027 2670 1122 2724 24:
1146 2656 1255 2730 26,

230 2760 269 2801 2
334 2740 565 2800 Thess.
637 2758 687 2799 1:
747 2742 812 2799 5.
917 2738 1260 2818 Significat

225 2835 516 2905 tempora
567 2823 835 2883 Messiae
879 2825 1256 2904 regnantis,

231 2910 389 2969 Luc.
439 2930 535 2982 17:
585 2928 688 2969 20.

1335 1725 1573 1782 cultum
1653 1724 1852 1802 exigit
1926 1727 2238 1785 iustitiam
2309 1739 2376 1788 et

1335 1810 1696 1867 castitatem
1744 1808 1816 1866 in
1858 1829 2105 1868 summo
2130 1813 2371 1892 gradu,

1342 1894 1485 1951 Act.
1550 1879 1646 1960 24ε
1700 1895 1800 1952 26.
1910 1893 2180 1974 Sempe:
2244 1890 2427 1956 erit¹

1333 1979 1425 2034 in
1470 1977 1758 2050 Iudaea,
1827 1979 2026 2057 Apoc.
2099 2001 2193 2041 ii:
2273 1986 2372 2043 15.

1342 2060 1700 2140 Religionis
1748 2061 2160 2124 Christianae
2221 2066 2374 2129 fuu-

1337 2148 1703 2204 damentum
1754 2159 1850 2205 est
1888 2150 2063 2207 Deus
2112 2172 2226 2228 per
2270 2153 2374 2213 Ie-

1292 2281 1296 2284 .
1335 2252 1474 2288 sum
1523 2231 1814 2311 cognitu's
1842 2276 1871 2305 ,
1917 2251 1937 2290 1
1992 2233 2142 2293 Cor.
2188 2254 2278 2298 12:
2311 2241 2372 2299 3.

1335 2316 1594 2374 Pau-itas
1636 2315 1768 2373 eius
1799 2360 1818 2391 ,
1878 2336 1898 2374 1
1952 2318 2122 2376 Petr.
2169 2325 2225 2381 3:
2275 2322 2372 2387 16.

1338 2400 1909 2475 Mirilicaw‘irtus,
1956 2402 2114 2462 Luc.
2147 2425 2238 2465 ιο·
2278 2425 2374 2487 19.

1335 2487 1649 2564 Plenaque
1715 2487 1852 2545 eius
1931 2509 2065 2548 non
2135 2500 2374 2552 natura

1333 2572 1521 2630 nobis
1569 2580 1769 2658 nota,
1811 2572 1929 2631 sed
1966 2575 2229 2635 coelesti
2259 2599 2375 2657 pa-

1332 2654 1728 2754 lesactione,
1800 2656 2374 2733 Matth.13:41.

1335 2743 1504 2802 Tota
1529 2744 1663 2800 eius
1691 2742 2053 2802 substantia
2080 2746 2160 2804 ad
2188 2757 2381 2824 prae&

1335 2834 1520 2904 cepta
1634 2824 1879 2884 Christi
1970 2830 2414 2912 reserenda,'

1339 2908 1567 2969 Matth.
1613 2912 1711 2970 28:
1763 2928 1862 2969 20.

186 2993 404 3075 Regni·
435 2993 666 3055 nivini
707 3014 780 3051 ac
815 2989 1112 3052 coelestis
1141 3011 1259 3051 vo·
1295 2993 1705 3073 Religionum
1780 3014 2095 3055 novarum
2163 3000 2381 3061 intro-

228 3101 333 3139 ces
376 3079 744 3155 desumptae
781 3097 865 3138 ex
906 3096 1025 3136 usu
1058 3096 1256 3156 popu·
1336 3079 1560 3136 ductio
1620 3075 1790 3155 apud
1858 3078 2174 3139 Romanos
2253 3083 2375 3143 ha-

225 3164 390 3237 lari,
443 3160 672 3222 Matth.
715 3166 776 3223 5:
831 3179 933 3221 20.

187 3245 523 3328 Relegatio
583 3269 619 3305 a
683 3256 913 3323 coetu,

1335 3147 1528 3221 bebat
1577 3182 1845 3239 poenam
1909 3164 2370 3246 arbitrariam,

1002 3244 1258 3304 Iudaeis
1336 3248 1494 3307 Luc.
1542 3249 1638 3306 23.
1697 3246 1797 3306 16.

124 3351 128 3358 “
226 3332 529 3411 frequens
588 3342 765 3406 erat,
838 3331 998 3391 Luc.
1045 3329 1105 3389 6:
1159 3349 1259 3398 22.
1297 3332 1606 3413 Religiosi
1649 3332 1780 3390 viri
1823 3331 2079 3410 quinam
2125 3354 2372 3394 vocen-

149 3401 156 3424 ι
233 3418 634 3498 Relegationi
686 3415 1071 3475 coniunctae
1113 3435 1258 3492 poe·
1333 3429 1439 3475 tur
1468 3416 1631 3495 apud
1660 3415 2033 3489 Hebraeos,
2065 3417 2210 3485 Act.
2228 3440 2284 3480 2:
2311 3424 2373 3482 5.

229 3523 351 3561 nae
399 3503 565 3578 apud
612 3503 930 3575 ludaeos,
993 3499 1148 3559 Luc.
1196 3501 1255 3560 6:
1295 3502 1630 3580 Reliquiae
1679 3502 1874 3580 quid,
1928 3501 2111 3561 Rom.
2158 3528 2216 3583 9:
2271 3508 2372 3565 28.

233 3606 336 3649 22.

427 3585 795 3666 Relegatio,
843 3605 1050 3663 poena
1094 3584 1256 3657 Arii,
1338 3587 1666 3665 Reliquias
1714 3587 2068 3665 Martyrum
2117 3610 2269 3648 cur
2284 3590 2371 3669 pii

227 3670 637 3742 Macedonii,
689 3670 1010 3744 Nestorii,
1056 3669 1257 3747 Euty·
1331 3669 1849 3747 honoraverint,
1899 3672 2042 3729 A'ct.
2085 3675 2145 3733 8:
2178 3694 2253 3733 2.

229 3754 477 3822 dietis,
529 3753 756 3813 Malth.
806 3758 897 3814 13:
948 3768 1051 3823 4-1.

1135 3753 1259 3811 Re·
1294 3756 1603 3818 Remedia
1674 3753 1933 3814 differre
2006 3777 2194 3833 saepe
2271 3759 2376 3836 ip-

225 3837 495 3919 ligionis
542 3858 797 3896 causam
846 3838 1257 3916 poscentibus
1334 3861 1546 3898 sorum
1633 3837 1971 3898 hominum
2048 3842 2370 3917 interest,

227 3921 805 3995 satisfaciendum,
841 3922 1259 3983 iPetr.:315.
1335 3921 1564 3984 Matiffh
1639 3927 1734 3984 13:
1814 3917 1908 3983 16.

197 4007 386 4080 ‘Eius
437 4027 632 4074 causa
664 4005 766 4065 vis
808 3997 1064 4082 publica
1113 4008 1253 4064 illa·
1335 4009 1512 4067 duris
1584 4007 1766 4065 locus
1834 4030 1967 4067 non
2031 4020 2176 4077 est.

2020 3926 2370 3988 Remediis

2258 4014 2377 4073 ubi

227 4102 292 4152 ta
316 4091 645 4172 patienter
684 4090 999 4159 ferenda,
1030 4090 1256 4150 Mattl'i
1333 4104 1470 4152 tota
1506 4092 1862 4153 Ecclesia
1864 4096 1935 4152 in
1983 4056 2210 4156 'norb-o
2259 4118 2368 4157 cu-

226 4180 327 4237 26:
398 4180 503 4236 52.

609 4176 765 4237 Eius
837 4174 1107 4233 libertas
1180 4178 1256 4235 ab
1333 4180 1485 4251 bat,
1541 4200 1575 4237 2
1612 4178 1772 4238 Cor.
1822 4195 1915 4240 10:
1966 4180 2026 4239 6.

226 4263 492 4339 antiquo
556 4282 672 4344 per
736 4260 1080 4340 imperium
1130 4260 1251 4319 Ro·
1295 4264 1652 4338 Remissio,
1697 4285 1816 4344 pro
1850 4266 2197 4326 sanatione
2229 4268 2370 4327 ani-

218 4366 477 4407 manum
558 4366 867 4407 concessa
940 4354 1107 4403 erat·
1151 4345 1264 4405 lu-
1333 4370 1469 4408 mae
1514 4371 1551 4409 a
1592 4349 1915 4429 peccatis,
1950 4349 2152 4412 Hebr.
2191 4372 2278 4410 ιο·
2308 4356 2370 4412 8.

185 4461 186 4466 ¹
220 4431 440 4508 daeis,
468 4455 602 4494 non
627 4452 786 4493 vero
819 4430 1251 4512 Christianis,

503 4659 520 4698 p
581 4683 589 4690 .

1335 4434 1651 4497 Remissio
1698 4441 2110 4516 peccatorum
2160 4459 2238 4497 an
2289 4460 2367 4495 ex
