2779 5085
635 233 1021 298 RERUB
1109 258 1214 296 tr
1297 234 1969 317 VEQBORCH.

219 394 376 476 ·plo
420 393 788 453 Salomonis
811 439 832 467 ,
882 394 1042 457 Luc.
1085 394 1148 455 63
1197 415 1296 457 22.

271 477 611 557 Separatio
628 500 665 538 a
682 486 871 537 coetu
883 480 1090 539 Gallis
1105 483 1299 540 Drui—

273 564 464 624 dibns
506 572 663 620 nota
697 583 942 640 poena,
966 565 1131 624 ibid.
1190 567 1300 625 Se-

269 648 635 729 parationis
663 648 737 705 in
766 647 1061 708 Ecclesia
1088 651 1302 709 ludai—

274 752 353 791 ca
392 742 458 790 et
500 731 883 790 Christiana
923 733 1306 793 observatae

271 817 451 875 modi
519 824 588 874 et
646 817 892 895 species
961 817 1306 898 diversae,

273 901 439 959 Lucu
480 899 543 958 63
594 918 694 959 22.

228 984 732 1064 sepeliebantur
770 983 938 1063 apud
975 983 1306 1045 Hebraeos

271 1089 500 1128 omnes
536 1067 607 1126 in
631 1069 1035 1147 operimento
1057 1091 1143 1129 ex
1166 1071 1306 1130 lino

270 1174 410 1212 non
485 1153 701 1231 magni
767 1152 1008 1230 pretii,
1076 1152 1306 1213 unuln.

2272 261 2395 311 ει

1373 395 1611 473 quior,
1658 395 1889 457 Narth-
1930 418 1997 480 9:
2042 404 2149 463 23.
2220 401 2411 465 Fari-

1377 480 1639 539 noroeis
1697 502 1831 541 non
1872 486 2229 565 negabatur
2274 493 2407 551 nisi

1379 565 1743 625 §aie-statis
1786 567 2107 627 damnatis
2146 593 2231 631 ex
2266 578 2411 637 iure

1381 649 1718 725 Romano,
1744 651 1979 710 uatth.
2002 659 2235 714 2·358.
2294 660 2419 720 Se-

1381 733 1685 813 pultnrae
1742 735 2059 795 solemnia
2112 748 2181 797 et
2234 742 2413 803 lom

1382 817 1557 897 apud
1588 817 1900 899 ludaeos,
1930 821 2160 882 lauh.
2184 843 2285 884 2·;
2308 831 2417 907 59.

1385 900 1545 963 Eius
1584 913 1868 982 sumptas
1911 926 2101 984 pares
2134 907 2417 972 divium

1380 1174 1667 1234 eon-pora
1717 1156 2073 1235 Scythicae
2118 1162 2422 1223 immani-

271 1232 502 1316 2735ῤ.
555 1235 1302 1314 sepeliebanturmortm'
1375 1238 1577 1313 tatia,
1622 1241 1829 1319 Apoe-
1876 1261 1973 1302 113
2018 1265 2085 1324 9.

274 1321 443 1400 apud
479 1319 751 1379 Iudaeos
787 1321 858 1379 in
881 1321 1048 1380 loeis
1071 1343 1148 1381 sn

1335 1322 1573 1382 Serere
1624 1333 1697 1382 et
1742 1334 1986 1387 metere
2031 1332 2422 1407 proverbia-

225 1440 230 1445 ·
267 1406 502 1483 banis,
551 1403 784 1463 matth.
827 1425 930 1483 27:
969 1408 1095 1483 53,
1149 1406 1303 1465 Luc.
1377 1406 1536 1467 liter
1565 1408 1723 1486 qnid
1754 1411 2160 1490 significent,
2201 1434 2221 1472 1
2256 1415 2414 1475 Cor.

271 1510 331 1569 7:
385 1508 505 1563 12,
574 1487 717 1547 loh.
766 1493 1036 1551 113-28.

175 1648 182 1649 7
268 1593 519 1653 quoqne
561 1573 929 1651 Sepultura.

1133 1491 1304 1551 Vide
1379 1513 1443 1569 9:
1495 1511 1557 1549 11
1586 1536 1609 1565 ,
1658 1493 1799 1551 Gal.
1838 1494 1899 1553 63
1944 1517 2006 1571 7.
2072 1498 2218 1556 Seri
2262 1522 2416 1560 ver-

1377 1576 1531 1634 bnm
1598 1576 1680 1634 de
1747 1578 2141 1639 formatione
2210 1585 2416 1645 animi

229 1659 647 1737 Septenarius
672 1678 975 1717 numerus
992 1658 1303 1719 Hebraeis
1379 1660 1680 1738 usurpari
1720 1662 1889 1720 solet
1923 1665 2089 1742 apud
2122 1663 2415 1728 Hebrae-

224 1762 480 1803 &rerum
578 1763 889 1801 summam
989 1744 1301 1819 denotat,

1379 1765 1494 1818 os,
1542 1742 1688 1803 loh.
1732 1750 1793 1806 3:
1840 1751 1905 1807 3.

231 1874 236 1875 ff
269 1827 476 1906 Apoc-
543 1845 597 1885 13
673 1844 769 1885 ιο.
851 1828 1301 1907 septenarium
1339 1828 1635 1887 Sericum
1677 1830 1849 1889 unde
1884 1831 2124 1892 dictum
2146 1880 2169 1909 ,
2208 1835 2417 1914 Apoc.

269 1930 616 1995 numerum*
643 1920 864 1968 amant
889 1932 993 1970 res
1021 1914 1144 1972 Dei
1170 1935 1300 1972 ma·

267 1997 440 2055 xime
479 1996 811 2074 insignes,
845 2001 1046 2074 Apoc.
1076 2001 1174 2058 153
1209 2017 1263 2056 1.

230 2080 705 2160 septentrionis
738 2101 875 2137 mos
896 2082 966 2139 in
995 2102 1303 2141 reveren-

267 2166 398 2224 tiae
451 2166 704 2243 signnm
750 2166 965 2245 capita
1010 2167 1300 2242 nudare,

245 2270 297 2307 ·1
349 2248 502 2308 Cor.
554 2268 648 2308 113
698 2268 757 2309 2.

228 2334 484 2413 Septem
564 2342 817 2391 montes
897 2332 1041 2393 sive
1101 2335 1298 2414 septi-

269 2419 459 2478 collis
524 2417 675 2475 urbs
733 2417 1109 2496 significant
1172 2421 1299 2478 Ro-

233 2547 236 2550 -
267 2523 522 2562 manam
563 2502 1005 2561 idololatriam
1043 2505 1152 2564 vel
1187 2526 1296 2565 nr-

268 2588 408 2646 bem
455 2587 719 2646 Romam
747 2635 764 2660 ,
809 2591 1011 2665 Apoc.
1056 2594 1152 2652 13:
1205 2611 1258 2648 1.

228 2673 741 2751 Septuagesimus
802 2694 1105 2732 numerus
1168 2673 1298 2733 He-

267 2757 481 2816 braeis
562 2757 1001 2816 venerabilies
1027 2803 1046 2832 ,
1137 2759 1298 2817 Luc.

280 2860 371 2901 10:
427 2861 482 2900 1.

229 2925 648 3005 Septuaginta
679 2925 1073 3003 Interpretes
1106 2945 1296 3004 quae-

270 3011 414 3069 dam
461 3011 788 3068 interdum
840 3009 1171 3068 addidisse
1220 3011 1298 3069 de

265 3114 422 3169 suo,
470 3093 703 3155 Matth.
753 3113 845 3153 123
899 3097 994 3152 18.

194 3171 638 3258 'Septuaginta
662 3178 953 3237 Indicum
982 3198 1090 3236 seu
1124 3179 1294 3258 Syn-

261 3263 427 3330 edrii
456 3263 802 3342 descriptio
821 3307 839 3337 ,
863 3261 1096 3322 Matth.
1113 3266 1174 3323 5:
1196 3281 1297 3322 22.

222 3347 643 3428 Sepulchrum
691 3346 935 3405 Christi
977 3347 1295 3427 quomodo

255 3431 753 3511 intelligendum
799 3432 1118 3509 duplicem
1150 3452 1293 3511 spe·

228 3558 235 3564 -
262 3518 516 3576 luncam
532 3515 854 3592 habuisse,
874 3516 1101 3576 Matth.
1118 3519 1215 3576 28:
1240 3538 1294 3575 1.

262 3600 610 3680 Sepulchri
681 3601 983 3680 adspectu
1049 3602 1295 3660 solebat

257 3684 529 3743 excitari
546 3684 747 3743 maior
761 3686 1056 3766 planctus
1069 3686 1293 3765 lugen-

259 3768 418 3826 tium
445 3811 463 3841 ,
492 3766 633 3827 Ioh.
663 3787 757 3828 10:
787 3774 888 3829 31.
938 3769 1292 3850 Sepulchro

260 3860 486 3931 aperto
572 3862 1024 3931 comparantur
1096 3853 1288 3913 Chal·

229 3937 567 3997 »da‘eorum
644 3935 989 4016 pharetrae
1019 3981 1038 4012 ,
1111 3939 1293 3997 Rom.

262 4024 322 4084 3:
375 4026 471 4082 13.
552 4019 909 4099 Sepulchra
954 4042 1168 4081 eorum
1211 4023 1294 4081 li-

259 4106 491 4166 benter
537 4099 927 4165 exstruimus
973 4126 1131 4184 quos
1176 4127 1291 4165 no-

260 4190 468 4250 lumus
498 4190 906 4269 superstites,
937 4190 1165 4251 Matth.
1192 4195 1290 4252 23:

261 4294 364 4355 29.
450 4274 951 4355 Sepulchrorum
1026 4274 1290 4334 Iudaeo-

261 4378 402 4415 rum
433 4355 824 4440 descriptio,
852 4358 1085 4420 Matth.
1113 4362 1210 4424 283
1242 4380 1295 4418 1.

218 4442 565 4521 Sepultura
648 4444 1080 4505 crematione·
1126 4444 1294 4504 anti-

1388 1914 1485 1971 183
1550 1932 1571 1969 1
1587 1932 1648 1970 2.
1738 1914 2110 1975 Sericorum
2174 1921 2415 1980 caritas

1378 1997 1651 2057 vivente
1677 1997 1965 2073 Christo,
1988 2002 2222 2061 matth.
2244 2024 2265 2062 1
2283 2026 2337 2065 13
2352 2009 2416 2065 8.

1338 2080 1566 2140 Sermo
1631 2101 1670 2140 a
1713 2084 1992 2143 seoendo
2054 2087 2268 2147 dictus
2314 2112 2421 2149 se·

1378 2165 1543 2223 mini
1568 2178 1983 2247 comparatur
2001 2215 2023 2245 ,
2049 2172 2285 2232 matth.
2315 2179 2410 2235 13:

1384 2270 1484 2329 ¹9·
1547 2250 1772 2309 Sermo
1799 2252 2046 2313 Christi
2070 2246 2414 2319 sufficit‘ad

1377 2335 1737 2395 docendam
1778 2339 2149 2399 missionem
2189 2362 2410 2418 suam,

1377 2418 1520 2479 loh.
1587 2424 1683 2480 153
1755 2442 1860 2499 27.
1945 2424 2252 2484 Pabulum
2328 2428 2412 2488 ad

1373 2504 1580 2564 vitam
1623 2514 1951 2567 aeternam
1976 2556 1996 2584 ,
2045 2510 2187 2571 loli.
2210 2513 2271 2572 63
2304 2516 2412 2574 51.

1375 2589 1488 2649 Pie
1530 2601 1830 2671 receptus
1874 2596 2218 2673 purificat,
2265 2596 2411 2659 loh.

1381 2679 1477 2735 15:
1548 2693 1663 2750 10,
1734 2680 1831 2737 15:
1880 2682 1945 2740 ὅ.
2029 2680 2408 2742 Sermonem

1372 2759 1588 2817 Patris
1637 2760 1939 2821 Christus
1987 2774 2180 2823 vocat
2220 2789 2406 2846 quem

1371 2843 1511 2920 ipse
1553 2847 1975 2905 annuntiavit
1998 2892 2019 2922 ,
2062 2849 2204 2910 Ioh.
2230 2871 2324 2927 17:
2348 2853 2412 2912 6.

1373 2925 1717 2986 Sermones
1768 2929 2017 2989 Christi
2050 2946 2408 2995 nascuntur

1369 3008 1747 3086 frequenter
1793 3030 1875 3069 ex
1917 3034 1989 3071 re
2021 3026 2233 3093 gesta,
2261 3019 2405 3077 1011.

1369 3113 1430 3173 9:
1481 3097 1601 3171 ὃς),
1655 3112 1750 3153 103
1787 3113 1842 3152 1.
1909 3094 2133 3155 Sermo
2172 3102 2295 3158 Dei
2331 3103 2406 3162 in

1368 3175 1601 3235 intima
1643 3185 1713 3236 et
1755 3177 2025 3238 minima
2064 3193 2403 3262 penetrat,

1371 3259 1576 3320 Hebr.
1616 3275 1678 3333 43
1729 3281 1825 3322 12.
1910 3263 2066 3324 Ideo
2107 3266 2404 3329 Levitico

1373 3346 1587 3405 cultro
1677 3358 2087 3425 comparatur
2111 3396 2132 3426 ,
2235 3351 2404 3412 ibid.

1370 3431 1622 3490 Totum·
1654 3433 1797 3491 vult
1841 3430 2171 3495 hominem
2195 3482 2214 3511 ‚
2238 3437 2403 3498 ibid.

1372 3515 1596 3575 Sermo
1661 3517 1870 3576 omnis
1926 3521 2210 3579 Divinus
2253 3542 2398 3582 suos

1367 3600 1569 3659 habet
1614 3602 1930 3676 aemulos,
1986 3604 2143 3663 Luc.
2174 3604 2267 3666 16:
2299 3611 2402 3668 31.

1370 3685 1702 3744 Sermonis
1747 3687 2130 3768 ambiguitas
2155 3689 2404 3750 verita-

1369 3777 1498 3828 tem
1556 3771 1799 3848 negotii
1848 3782 2224 3850 pervertere
2265 3795 2399 3834 non

1369 3853 1602 3927 debet,
1654 3855 1814 3912 Luc.
1842 3868 1940 3923 243
1974 3859 2075 3915 28.
2117 3851 2403 3918 'Sermo-

1369 3939 1473 3997 nis
1522 3939 1977 3997 commercium
2021 3961 2154 4000 non
2202 3942 2403 4004 habe-

1370 4043 1509 4082 mus
1571 4042 1713 4081 cum
1754 4022 1836 4081 iis
1883 4025 1990 4102 qui
2042 4024 2405 4089 destituun-

1368 4118 1478 4166 tur
1501 4107 1958 4182 rationisusu,
2007 4110 2167 4170 ibid.
2212 4113 2404 4175 quta

1370 4192 1686 4252 sermonis
1728 4191 2030 4254 eventum
2082 4197 2257 4257 Deus
2304 4199 2403 4258 iu·
2509 4238 2537 4248 -

1372 4276 1589 4350 dicat,
1640 4275 1840 4336 Hebr.
1875 4291 1935 4349 4:
1982 4298 2078 4338 12.
2145 4282 2403 4342 Sermo-

1370 4381 1515 4421 nem
1567 4361 1873 4420 Divinum
1919 4374 2096 4424 recte
2142 4366 2405 4445 dispen-

1372 4466 1515 4505 sare
1578 4446 1794 4528 magni
1862 4448 2155 4528 laboris,
2243 4450 2404 4510 Luc.

2306 4550 2400 4594 12:
