2779 5085
441 229 566 294 206
1217 185 1837 301 xinn‘ssx‘

1584 379 1752 441 Reos
1810 377 1974 438 foris
2022 378 2368 458 secedere,
2416 385 2625 449 moris

1582 474 1681 526 est
1736 463 1850 523 ubi
1922 463 2001 523 de
2068 483 2290 524 eorum
2356 473 2624 552 negotio

1582 549 2030 623 consultatur,
2074 552 2221 609 Act.
2261 554 2321 612 5:
2369 558 2471 626 34.

1543 635 1680 694 Rex
1715 644 1817 693 est
1846 634 1957 712 qui
1990 632 2158 691 nihil
2183 638 2443 715 metuit,
2478 641 2619 701 Rex

433 727 737 804 ·dogma,
795 743 819 782 1
873 723 1027 782 Cor.
1079 726 1172 783 15:
1229 737 1322 795 14.
1581 730 1680 779 est
1722 718 1829 798 qui
1873 721 2050 798 cupit
2092 718 2306 796 nihil,
2362 738 2388 783 1
2438 725 2618 785 Petr.

424 808 857 869 Resuscitatio
895 809 1132 866 dicitur
1166 811 1355 866 etiam
1402 830 1520 883 se-2
1578 824 1635 864 2:
1681 824 1743 883 9.
1832 801 1967 862 Rex
2012 804 2066 861 si
2108 805 2430 884 privatum
2475 811 2621 870 adit

467 894 678 952 cunda
717 895 1083 971 generatio,
1128 891 1357 951 Matth.
1404 892 1521 971 19:‚‘
1577 889 1847 947 multum
1896 895 2032 960 est,
2083 890 2225 967 plus
2268 893 2321 948 si
2363 894 2432 952 in
2474 896 2616 953 eins

468 982 568 1038 28.
646 977 1037 1056 specialiter
1078 997 1152 1036 ea
1196 999 1357 1056 qnae
1402 978 1520 1072 est}
1579 973 1845 1032 aedibus
1883 973 2047 1031 velit
2079 974 2442 1052 divertere,
2472 980 2619 1039 loh.

463 1062 544 1123 ad
593 1064 792 1121 vitam
836 1071 1205 1135 aeternam,
1251 1061 1392 1120 roh.
1432 1062 1492 1123 62
1580 1071 1675 1128 14:
1725 1060 1825 1118 25.
1917 1056 2108 1137 Regis
2154 1060 2304 1118 boni
2348 1072 2414 1120 et
2460 1063 2616 1127 Pas-

462 1152 564 1225 39.
661 1146 907 1205 Christi
975 1166 1009 1202 a
1061 1146 1328 1205 mortuis
1375 1151 1496 1204 tri-
1572 1142 1737 1201 toris
1775 1141 1926 1200 boni
1962 1143 2178 1201 vicina
2202 1154 2353 1203 stunt
2377 1168 2608 1226 opera,

447 1231 682 1301 „buitur
732 1233 866 1288 Deo
911 1229 1132 1304 Patri,
1176 1240 1401 1288 nostra
1429 1238 1496 1290 et
1574 1225 1717 1287 Ioh.
1766 1243 1861 1285 10:
1915 1245 1969 1283 ι.
2051 1228 2237 1307 Regis
2283 1232 2434 1289 bom
2477 1231 2616 1291 sol-¹

458 1315 598 1374 Deo
660 1326 721 1377 et
789 1314 1092 1388 Christo,
1146 1332 1182 1371 2
1230 1314 1382 1373 Cor.
1427 1329 1487 1385 [μ
1570 1311 1742 1370 liciti
1788 1330 1920 1369 non
1959 1332 2075 1389 pro
2102 1333 2169 1370 se
2194 1314 2306 1371 sed
2334 1335 2449 1393 pro
2475 1320 2612 1377 suis

463 1412 558 1469 14.
611 1398 1141 1458 Resuscitationis
1168 1400 1491 1478 generalis
1571 1397 1644 1454 in
1712 1395 1973 1455 Christo
2038 1399 2407 1476 specimen,
2465 1400 2612 1461 1011.

425 1485 668 1564 'imago
731 1484 798 1542 in
852 1474 1147 1557 Lazaro,
1199 1481 1338 1542 lob.
1392 1503 1487 1550 11:
1577 1498 1674 1558 17:
1726 1485 1787 1539 8.
1892 1478 2078 1559 Regis
2147 1482 2462 1558 interest,
2536 1497 2612 1545 ut

454 1572 559 1639 43.
629 1568 1165 1627 Resuscitationis
1213 1589 1248 1626 a
1287 1579 1491 1642 morte
1573 1564 1848 1646 Legatus
1886 1562 2280 1645 honoretur,
2322 1567 2461 1628 Ioh.
2503 1588 2604 1649 17:

454 1662 521 1713 et
567 1651 974 1712 liberationis
1022 1674 1058 1712 a
1099 1656 1490 1732 praesentis-
1570 1654 1631 1712 3.
1722 1648 1883 1708 Eius·
1936 1649 2062 1707 iam
2124 1657 2457 1732 regnantis
2506 1668 2609 1715 est

457 1738 632 1795 simis
690 1737 992 1817 periculis
1043 1740 1442 1818 comparatio
1469 1784 1489 1814 ,
1570 1735 1725 1794 dare
1771 1735 1944 1794 dona
1982 1739 2202 1815 regia,
2249 1737 2386 1796 Ioh.
2414 1760 2471 1815 7:
2502 1744 2610 1821 39.

459 1820 656 1881 Hebr·
710 1842 804 1886 11:
862 1842 952 1902 ¹9·
1569 1818 1763 1900 Regis
1809 1838 2046 1877 nomen
2083 1814 2315 1901 q'uibus
2353 1825 2608 1885 tribua-

412 1905 782 1967 Retributio
866 1907 1056 1986 plena
1130 1906 1203 1966 in
1282 1907 1491 1967 altera
1566 1913 1712 1977 tur,
1758 1904 1987 1964 Act.6:
2023 1909 2132 1980 15,
2184 1923 2209 1966 1
2246 1907 2413 1968 Tim.
2439 1928 2497 1970 2:
2529 1920 2605 1990 2,

450 1993 635 2065 vita,
702 1992 980 2051 redditis
1048 1990 1295 2052 demum
1343 2012 1489 2051 cor·
1572 2006 1599 2050 1
1650 1989 1824 2049 Petr.
1865 2007 1923 2048 2:
1976 1993 2092 2064 13,
2148 1992 2346 2070 Apoc.
2379 1992 2439 2054 6:
2485 1999 2602 2071 15,

451 2077 762 2155 poribus,
810 2079 959 2151 fiet,
1031 2075 1184 2134 Luc.
1239 2078 1333 2137 16:
1386 2079 1489 2136 25.
1571 2092 1669 2135 10:
1713 2091 1823 2147 11,
1877 2073 1974 2134 16:
2011 2091 2118 2148 12,
2164 2093 2259 2156 19:
2294 2081 2392 2138 18.
2440 2077 2605 2162 Regi

456 2159 927 2220 Retributionis
973 2160 1335 2239 mercedis,
1381 2181 1483 2220 ae·
1516 2164 1522 2168 ’
1563 2166 1972 2239 praeceptum
2012 2180 2092 2217 ne
2123 2182 2191 2221 se
2217 2182 2410 2241 supra
2435 2163 2613 2224 alios

448 2245 658 2324 qualis
720 2246 827 2305 vel
872 2246 1231 2322 inaequalis
1258 2290 1277 2321 ,
1330 2254 1479 2304 con·¹
1559 2244 1848 2302 fastuose
1891 2241 2155 2319 efferat,
2207 2263 2233 2306 1
2270 2247 2505 2317 Cor-4:
2539 2251 2644 2308 6..

447 2330 821 2408 venientia,
871 2328 1102 2390 Matth.
1150 2348 1246 2390 20:
1302 2343 1397 2413 14.
1563 2327 1719 2409 Regi
1769 2327 2064 2387 Hebraeo
2110 2330 2265 2407 quid
2312 2332 2381 2390 in
2427 2331 2607 2415 Lege

408 2414 804 2474 Reverentia
851 2417 969 2475 Dei
1017 2416 1080 2472 in
1125 2414 1483 2493 Scripturis
1562 2414 1807 2471 Divina
1832 2414 2335 2493 praescriptum,
2365 2415 2607 2477 Matth.

449 2501 640 2558 timor
684 2501 960 2573 dicitur,
1012 2519 1033 2558 1
1088 2498 1259 2558 Petr.
1296 2501 1485 2559 ὅτιὸ.
1560 2514 1659 2556 2ος
1730 2499 1830 2559 25.
1925 2494 2163 2574 Regem
2231 2504 2601 2581 quempiam

454 2585 845 2642 Reverentia
882 2592 1061 2643 vetat
1095 2604 1232 2641 esse
1268 2583 1483 2640 curio·
1559 2580 1687 2656 dici
1714 2613 1719 2616 ·
1750 2582 1821 2639 in
1882 2582 2261 2661 regionibns
2312 2585 2600 2648 devictis

449 2688 582 2726 sum
614 2712 630 2739 ,
695 2667 830 2727 loh.
877 2682 937 2738 4:
1006 2685 1107 2740 27.
1195 2667 1483 2725 Debetur
1559 2685 1689 2724 non
1719 2666 2136 2748 patiebantur
2164 2670 2432 2747 populns
2464 2669 2601 2731 Ro-

446 2751 930 2830 Magistratibus
956 2798 969 2821 ,
1000 2750 1116 2808 sed
1157 2772 1286 2809 non
1317 2771 1480 2830 quae
1559 2771 1783 2809 manus
1814 2750 1920 2808 vel
1951 2750 2259 2811 Caesares
2280 2799 2298 2828 ,
2321 2756 2446 2813 ni‘si
2472 2776 2597 2817 suo

413 2837 572 2895 *reis
609 2856 674 2893 se
702 2837 926 2895 tuendi
955 2836 1322 2895 libertatem
1352 2836 1479 2898 tol·
1555 2836 1869 2914 permissu
1892 2881 1909 2910 ,
1945 2837 2083 2895 Δεῖ.
2116 2851 2212 2912 17:
2242 2858 2301 2912 7.
2346 2839 2596 2920 Regem

441 2920 537 2979 lat
566 2964 581 2994 ,
647 2919 784 2982 Ioh.
839 2913 943 2981 '182
1009 2940 1107 2980 22.
1196 2922 1479 2980 Maxima
1553 2919 1833 3001 eligebat
1911 2922 2064 2980 olim
2138 2923 2406 3000 populus
2433 2969 2454 3001 ,
2527 2935 2597 2987 et

426 3007 716 3072 debetur
759 3006 855 3065 dis
902 3007 1006 3086 qui
1056 3006 1217 3064 dura
1243 3001 1481 3074 ‘ferunt
1557 3004 2287 3085 Prophetae-ungebant
2314 3009 2430 3067 Dei
2472 3030 2599 3069 no-

441 3088 916 3151 houestissimis
946 3093 1022 3151 de
1051 3092 1291 3167 causis,
1324 3092 1481 3151 Phi-
1553 3091 1727 3147 mine
1751 3113 1771 3165 ‚·
1798 3092 1939 3148 Act.
1967 3092 2023 3150 6:
2052 3092 2113 3149 5.
2176 3090 2415 3172 Regem
2442 3113 2594 3155 eum

441 3176 592 3234 lem.
648 3173 720 3250 1,'-
756 3198 816 3255 9.
1329 3181 1334 3186 '
1556 3196 1902 3255 agnoscere
1942 3175 2047 3253 qui
2086 3174 2225 3236 Rex
2262 3187 2360 3235 est
2382 3199 2597 3257 quan-

398 3259 666 3319 Reverti
705 3262 972 3320 verbum
1020 3260 1099 3319 ad
1142 3259 1495 3350 proferen·t
1551 3249 1709 3317 turnr
1744 3261 2045 3332 intersit,
2108 3261 2341 3320 Matth.
2403 3283 2459 3323 2:
2530 3282 2592 3325 Ι.

343 3370 350 3375 ·
440 3355 559 3401 tem
596 3346 839 3403 dicitur
877 3347 1046 3422 qnod
1086 3355 1324 3404 eventu
1361 3368 1493 3425 op·÷
1555 3345 1764 3423 Reges
1828 3344 2028 3402 fuisse
2087 3345 2587 3428 et'Sacerdotes
2669 3336 2675 3346 ¹

438 3440 575 3492 tato
616 3439 830 3501 caret,
880 3430 1108 3488 Matth.
1150 3447 1243 3489 ro:
1293 3434 1386 3490 13.
1553 3428 1829 3507 antiquis
1896 3423 2355 3507 temporibus,'
2388 3430 2592 3496 Hebr.
2652 3429 2667 3435 “

359 3512 778 3573 ’·Βένοοειηᾶί
823 3516 999 3572 v’ocis
1046 3515 1472 3595 significatio,
1552 3535 1609 3592 7:
1669 3530 1722 3572 Ι.
1808 3512 2016 3594 Reges
2064 3514 2417 3576 bestiarum
2467 3538 2591 3577 no·-

443 3600 594 3658 Luc.
648 3609 741 3669 14:
803 3616 895 3658 12.
938 3623 949 3639 ⁴
1203 3639 1204 3642 =
1398 3639 1401 3640 ν
1550 3597 1829 3657 minibus
1878 3620 1913 3672 a
1956 3597 2300 3677 Prophetis
2345 3601 2595 3661 descri-

399 3683 568 3742 Reus
602 3684 954 3750 audiendus
995 3692 1334 3762 autequam
1372 3684 1468 3743 iu·
1547 3684 1825 3756 buntur,
1876 3683 2034 3742 Luc.
2080 3688 2177 3745 13:
2225 3690 2327 3747 32.
2412 3685 2584 3746 Boni

436 3770 724 3840 dicetur‚·
755 3768 892 3829 loh'.
920 3790 976 3840 7:
1002 3771 1103 3827 51.
1157 3769 1284 3828 Reo
1313 3788 1473 3827 con-
1546 3768 1920 3846 plenissime
1957 3779 2324 3848 praestant,
2350 3781 2422 3829 ut
2461 3772 2595 3830 im-

434 3857 619 3913 venit
661 3857 869 3913 ‘vultu
925 3875 998 3911 ac
1047 3856 1265 3912 verbis
1317 3875 1470 3933 prae
1548 3853 1874 3931 probitate
1904 3874 2242 3931 repressa,
2272 3856 2451 3933 probi
2480 3866 2584 3913 tu·-

436 3960 503 3998 se
552 3940 722 3998 serre
773 3940 1068 3998 fiduciam
1099 3984 1116 4013 ,
1170 3939 1315 3999 Act.
1367 3952 1465 4008 24:
1541 3938 1668 3995 tius
1689 3938 2194 4019 vivant3Reges
2218 3957 2375 4000 vero
2398 3939 2579 4018 mali,

440 4041 537 4082 το.
642 4024 772 4082 Reo
839 4025 1133 4102 cuiquam
1199 4042 1466 4103 parcere
1546 4022 1953 4101 aliquatenus
2023 4032 2318 4097 tantum,
2384 4022 2577 4087 Rom'·

432 4110 579 4166 viro
614 4109 785 4167 b‘ono
814 4131 942 4168 non
969 4108 1305 4188 indignum
1334 4116 1465 4182 est,
1549 4105 1644 4169 13:
1695 4111 1752 4168 3.
1841 4108 2049 4189 Reges
2110 4108 2608 4171 Romano-im*

441 4190 669 4251 fvlatth.
703 4214 753 4257 1:
793 4212 885 4274 19.
956 4194 1148 4250 Reum
1182 4193 1465 4251 inimicis
1544 4192 1726 4271 perio
1788 4202 2087 4272 parentes
2134 4193 2256 4272 aqui
2284 4236 2303 4268 ,
2378 4194 2581 4273 Apor-

434 4278 673 4352 donat,
718 4280 820 4358 qui
865 4299 1004 4337 eum
1044 4277 1327 4356 ipsorum
1361 4276 1467 4335 iu-
1547 4281 1643 4337 13:
1681 4295 1706 4338 1
1735 4324 1754 4354 ‚
1805 4297 1899 4354 17:
1937 4295 2029 4337 12.
2087 4278 2320 4336 Decem
2349 4281 2576 4358 quibus

430 4361 605 4423 dicio
670 4361 910 4436 traae,
981 4363 1125 4422 Act.
1193 4365 1291 4422 25:
1367 4379 1465 4422 ΙΙ.
1542 4365 1715 4422 Deus
1772 4383 1996 4422 usurus
2060 4363 2140 4420 ad
2207 4360 2578 4424 dilaceran-

427 4448 704 4509 Reor'um
734 4446 1063 4522 estbtarffi
1103 4448 1246 4506 Act.
1272 4451 1370 4507 25:
1402 4447 1463 4507 6.
1540 4448 1688 4507 dum
1757 4447 2101 4529 imperium
2164 4446 2522 4515 Romanum
2553 4494 2573 4524 ,

2378 4535 2577 4614 Apoc-

468 386 780 446 didernnt
867 382 1166 466 Apostoli
1190 422 1226 462 ,·
1297 384 1506 447 Macr-

475 473 571 531 16:
627 491 690 530 ιι
723 514 740 543 ,
786 468 928 528 loh.
976 486 1074 529 20:
1118 489 1179 549 9.
1267 468 1502 531 Resur-

353 596 360 607 ,
464 558 762 617 rectione
857 553 1102 613 Christi
1188 556 1503 614 evincunt

469 639 764 720 Apostoli
826 658 1051 698 verum
1117 639 1255 699 eius
1300 640 1501 700 fuisse
