2779 5085
414 200 531 260 108

433 360 757 434 sumptum
840 370 881 413 a
966 351 1186 432 Myrto
1210 396 1234 431 ‚

447 458 541 499 12:
594 441 692 499 13.

395 521 685 597 Haeres,
733 521 887 582 vide
940 518 1161 580 Heres.

390 604 694 667 Haeresis
744 605 1095 667 secundum
1139 603 1461 701 Phryges,

436 692 579 750 col.
644 708 701 750 2:
773 704 836 761 4.
948 689 1249 751 Hoeresis
1331 682 1460 748 vox

429 775 688 853 media,
736 776 979 835 2Petr.
1020 794 1075 833 2:
1120 794 1187 850 1,
1242 793 1267 834 1
1312 774 1442 833 Cor

436 878 530 920 11:
586 879 606 918 ι

423 879 1010 1016 reticigdelinitio,
1073 943 1204 1001 Tit.
1255 963 1310 1025 3:
1368 963 1462 1001 ιι.

429 1028 740 1109 Haereses
809 1046 926 1085 cur
970 1048 1104 1085 non
1151 1026 1460 1108 impedite

428 1115 643 1186 Deus,
700 1133 723 1171 1
780 1112 1077 1170 Cor.11:
1135 1131 1229 1190 19.

388 1157 713 1257 Haeretici
786 1216 870 1254 an
933 1195 1069 1253 sint
1137 1198 1455 1276 cogendi,

430 1277 660 1341 Matth.
710 1283 801 1341 13:
841 1300 915 1360 41
947 1324 965 1354 ,
1020 1279 1175 1338 Luc.
1221 1297 1311 1351 14:
1356 1285 1458 1342 23.

427 1364 762 1436 Quomodo
806 1365 1178 1441 tractandi,
1224 1366 1355 1425 Tit.
1398 1371 1453 1426 3:

433 1467 531 1508 10.
598 1449 833 1509 Eorum
879 1459 1048 1508 artes
1088 1450 1168 1508 ad
1204 1444 1454 1510 vexari*—

428 1534 543 1592 dos
593 1533 1023 1607 orthodoxos,
1086 1534 1313 1593 Matth.
1354 1549 1451 1603 24:

430 1637 452 1676 ι
474 1638 494 1678 ι
511 1658 527 1675 .
589 1618 1121 1678 Persecutionum
1146 1620 1454 1678 adversus

392 1704 576 1762 ‚illos
648 1706 830 1784 origo
898 1714 963 1762 et
1030 1725 1453 1783 progressus,

424 1787 657 1849 Matth.
696 1793 826 1861 ¹13:
895 1802 998 1857 41.
1087 1790 1451 1847 Discrimen

422 1872 599 1930 inter
644 1869 762 1930 hos
810 1881 874 1930 et
919 1872 1117 1931 salsos
1168 1873 1452 1951 Prophe·

420 1966 568 2034 tas,
630 1972 787 2035 quos
850 1957 1069 2015 Iudaei
1119 1957 1202 2016 ad
1246 1959 1450 2018 inter-

390 2041 761 2101 .·necionem
797 2041 1014 2105 delere
1043 2043 1200 2100 iussi
1229 2053 1450 2115 erant,

417 2126 580 2185 ibid.
668 2126 908 2185 Eorum
956 2128 1365 2202 opinationes
1420 2148 1450 2182 a

414 2212 609 2270 sactis
683 2210 1176 2288 distinguendae
1206 2253 1222 2283 ,
1294 2211 1451 2267 ibid.

424 2295 910 2353 Haereticorum
1033 2294 1450 2353 Patriarchae

415 2378 666 2457 quinam
697 2376 1023 2452 dicantur,
1059 2397 1081 2436 ι
1113 2379 1363 2459 Tim.4:
1400 2399 1450 2436 1.

379 2462 683 2523 Hasidaei
763 2461 957 2520 iidem
1030 2465 1139 2540 qui
1214 2461 1444 2522 Esseni

415 2557 775 2620 vocantur,
827 2547 1056 2608 Matth.
1099 2550 1159 2607 5:
1206 2569 1314 2628 44.

376 2632 922 2691 Hasmonaeorum
953 2652 1307 2710 cognomen
1328 2653 1445 2689 un-

416 2717 534 2787 de,
584 2716 738 2777 Luc.
783 2720 837 2774 3:
883 2719 981 2775 23.
1051 2715 1290 2774 Eorum
1336 2716 1444 2775 de·

415 2810 656 2858 cretum
684 2808 913 2857 contra
935 2798 1443 2880 Philosophiam,

402 2884 558 2944 Col.
607 2905 662 2944 2:
712 2885 772 2942 8.

378 2969 587 3029 Hebal
659 2989 867 3027 mons·
915 2969 1173 3029 Sicimis
1236 2967 1441 3027 immi·

420 3075 622 3126 nens,
661 3052 800 3113 Ioh-
836 3075 895 3134 4:
934 3057 997 3113 5.
1058 3053 1217 3112 Item
1265 3075 1444 3112 mons

418 3138 823 3198 Palaestinae
847 3158 1072 3198 versus
1098 3159 1284 3216 quem
1315 3160 1443 3196 ma·-

414 3222 801 3282 ledictiones
897 3223 1445 3304 proferebantur,

400 3306 651 3368 Matth.
699 3310 796 3367 25:
849 3327 950 3389 33.
1178 3328 1187 3333 ’

371 3391 738 3451 Hebdomas
828 3391 988 3468 quid
1078 3390 1444 3471 significet,

415 3477 620 3554 Apoc.
644 3478 703 3534 8:
729 3494 786 3534 2.
835 3475 1287 3535 Hebdomados
1314 3495 1445 3534 vox

413 3560 737 3640 generalis
758 3569 855 3617 est
871 3605 888 3634 ,
917 3570 981 3619 et
1003 3570 1130 3618 tam
1154 3560 1232 3618 de
1256 3559 1445 3618 annis

412 3665 601 3724 quam
635 3645 713 3704 de
740 3645 962 3704 diebus
991 3655 1056 3703 et
1078 3645 1269 3705 rebus
1294 3645 1444 3703 aliis

414 3730 627 3808 accipi
684 3739 931 3809 potest,
983 3730 1184 3809 Apoc.
1233 3748 1288 3790 2:
1351 3748 1446 3787 ιο.

410 3812 860 3874 Hebdomades
889 3815 1186 3874 Danielis
1213 3833 1444 3872 excur-

407 3907 565 3971 runt
635 3908 926 3978 tempora
997 3897 1310 3958 Antiochi
1381 3909 1444 3957 et

410 3981 963 4058 Maccahaeorum,
980 3982 1323 4051 Manli-24:
1351 3985 1444 4041 ι5.

371 4063 655 4126 Hebraei
727 4068 954 4147 populi
1020 4067 1272 4146 antiqui
1339 4087 1443 4125 res

407 4150 605 4211 fuisse
622 4153 886 4232 figuram
901 4161 1259 4231 temporum
1275 4152 1444 4212 Mes-

410 4236 593 4312 siae,
663 4236 933 4295 tradunt
1001 4234 1442 4296 Hebraeorum

413 4320 916 4401 sapientissimi,
971 4340 996 4379 1
1045 4321 1196 4380 Cor.
1243 4338 1337 4379 ιο·
1389 4338 1444 4377 ι.

776 858 1129 918 Haereseos
1196 868 1263 917 et
1304 857 1463 918 bae-

1231 188 1761 253 INDEX

1321 349 1465 414 Act.
1535 347 1836 432 inscript.
1919 348 2159 412 Amant
2216 347 2574 417 dictionum

1539 436 1959 516 compendia,
2019 435 2255 497 Matth.
2313 442 2412 515 2b‘:
2466 443 2578 501 26.

1537 519 1668 599 Ipsi
1748 531 1814 580 et
1892 541 2114 581 eorum
2179 522 2576 602 interpretes

1539 604 1770 664 Graeci
1830 626 1980 666 raro
2017 608 2403 684 compositis
2451 629 2577 669 vo-

1538 690 1717 748 cibus
1758 698 2069 765 utuntur,
2117 688 2346 749 Matth.
2395 711 2449 752 1:
2501 712 2574 773 1,

1544 793 1637 834 12:
1703 793 1809 853 40.
1898 774 2128 834 Solent
2194 776 2572 856 intelligere

1535 860 1803 917 nomina
1860 879 1942 919 ex
2001 860 2264 933 verbis,
2321 878 2346 919 1
2396 862 2575 923 Petr.

1505 961 1595 1003 ²2:
1626 943 1687 1001 6.
1754 944 2027 1023 Propria
2067 944 2336 1002 nomina
2376 967 2570 1027 saepe

1535 1036 1788 1085 mutant
1827 1028 1896 1085 in
1948 1028 2080 1086 alia
2126 1028 2409 1088 eiusdem
2458 1041 2573 1090 aut

1533 1110 1738 1170 vicini
1812 1109 2213 1191 significatus
2243 1156 2259 1186 ,
2334 1115 2571 1175 Matth.

1537 1196 1634 1257 23:
1668 1199 1767 1257 35.
1830 1196 2130 1256 Pluribus
2167 1197 2435 1258 vocibus
2463 1221 2570 1260 res

1533 1300 1793 1359 magnas
1853 1281 2068 1359 eloqui
2117 1282 2369 1358 solent,
2421 1286 2570 1346 Act.

1538 1383 1592 1423 2:
1643 1383 1761 1439 22,
1812 1386 1851 1426 2
1897 1365 2066 1424 Tim.
2111 1386 2166 1446 3:
2219 1386 2315 1440 17.
2403 1368 2569 1427 Uni·-

1531 1456 1791 1507 versum
1838 1450 2139 1508 mundum
2177 1450 2368 1510 modo
2407 1454 2573 1513 duo-

1533 1534 1684 1609 bus,
1726 1535 1913 1594 modo
1951 1536 2157 1592 tribus
2189 1535 2566 1597 nominibus

1531 1619 1942 1696 exprimunt,
1982 1619 2128 1677 Act.
2159 1638 2220 1698 4:
2260 1638 2359 1699 24.
2416 1620 2568 1681 Non

1532 1704 1747 1761 solent
1805 1723 2003 1783 genus
2065 1714 2401 1764 recensere
2446 1727 2568 1783 per

1528 1787 1887 1861 foeminas,
1932 1787 2124 1846 Rom.
2158 1792 2216 1848 5:
2267 1808 2359 1847 12.
2429 1791 2565 1850 Cur
2617 1840 2626 1847 ,

1529 1872 1650 1951 ipsi
1694 1873 1979 1932 infantes
2018 1894 2165 1931 suos
2203 1893 2411 1933 mares
2447 1896 2568 1933 ex-

1531 1959 1866 2034 posuerint
1908 1958 1977 2016 in
2027 1959 2363 2037 Aegypto,
2407 1961 2563 2019 Act.

1528 2061 1586 2111 7:
1644 2060 1734 2118 ¹9
1825 2041 2119 2099 Gentium
2185 2044 2355 2101 Deos
2412 2045 2560 2103 veri

1528 2125 1650 2181 Dei
1690 2124 2194 2202 indigitamentis
2251 2126 2559 2188 decorare

1527 2229 1656 2266 non
1696 2209 2023 2281 solebant,
2066 2208 2297 2268 Matth.
2325 2212 2423 2271 26:
2453 2214 2561 2293 64.

1531 2292 1806 2351 Hebraei
1854 2292 2105 2373 generis
2155 2293 2558 2374 descriptio,

1528 2386 1674 2435 ante
1737 2387 1803 2435 et
1864 2385 2006 2455 post
2065 2380 2308 2456 legem,
2376 2376 2580 2442 Rom.

1526 2481 1580 2533 7.
1629 2481 1690 2536 7.
1776 2460 1945 2519 Vide
1987 2462 2176 2520 etiam
2227 2462 2469 2522 Iudaei.

1491 2546 1925 2604 Hebraeorum
1961 2546 2201 2605 dictum
2234 2548 2312 2606 de
2344 2548 2564 2609 Israe-

1525 2631 1641 2688 lita
1700 2651 1831 2689 non
1882 2631 2258 2692 adducendo
2297 2632 2392 2691 ad
2435 2635 2561 2694 tri-

1526 2715 1722 2773 bunal
1738 2693 2105 2789 Gentium,
2151 2734 2177 2775 1
2229 2717 2380 2777 Cor.
2405 2717 2465 2778 6:
2503 2736 2559 2779 1.

1528 2799 1963 2858 Hebraeorum
2004 2821 2141 2859 mos
2172 2811 2244 2860 ut
2280 2802 2553 2863 ditiores

1521 2885 1715 2943 etiam
1759 2883 2082 2963 opificium
2132 2887 2392 2967 aliquod
2436 2889 2556 2947 ad-

1522 2968 1893 3045 discerent,
1978 2969 2209 3029 Matth.
2284 2990 2379 3051 13:
2449 2975 2559 3050 55.

1523 3053 1762 3111 Eorum
1821 3052 2068 3136 rythmi
2124 3054 2264 3133 lege
2301 3055 2555 3131 soluti,

1522 3138 1615 3196 uti
1643 3146 1708 3196 et
1729 3138 2143 3213 saltationes,
2178 3138 2336 3197 Luc.
2368 3158 2419 3198 1:
2448 3140 2557 3210 46.

1523 3220 1962 3281 Hebraeorum
2030 3242 2164 3300 mos
2233 3231 2372 3282 erat
2419 3245 2556 3284 non

1520 3304 1697 3384 loqui
1738 3307 1807 3364 in
1851 3305 2108 3382 publico
2144 3327 2281 3365 cum
2323 3309 2555 3367 mulie-

1519 3389 1739 3466 ribus,
1788 3389 1929 3448 Ioh.
1968 3409 2030 3469 4:
2078 3410 2179 3468 27.
2264 3391 2555 3451 Hebrae-

1518 3493 1700 3533 orum
1745 3494 1879 3533 mos
1917 3494 2170 3534 sensum
2206 3477 2553 3556 mysticum
2635 3475 2646 3481 ’
2699 3477 2702 3484 ⁴

1520 3558 1738 3618 sensui
1785 3602 1790 3608 .
1833 3559 2090 3638 vulgari
2179 3582 2550 3639 opponere,

1522 3643 1705 3702 Rom.
1775 3661 1833 3702 2:
1906 3647 2006 3702 28.
2109 3643 2548 3706 Hebraeorum

1520 3728 1858 3807 opiniones
1896 3727 1972 3787 de
2011 3728 2296 3807 Adamn,
2327 3732 2379 3790 si
2408 3732 2548 3789 Deo

1519 3812 1877 3889 paruisset,
1926 3812 2109 3888 Rom.
2149 3818 2211 3874 5:
2257 3831 2352 3873 ι2.
2417 3813 2553 3873 He-

1518 3897 1863 3956 braeorum
1962 3897 2375 3976 proverbium
2466 3898 2545 3957 de

1519 3991 1710 4040 nocte
1784 3980 2116 4058 paschali,
2191 3982 2370 4039 Rom.
2444 3994 2540 4052 14:

1517 4068 1580 4125 5.
1668 4064 2108 4124 Hebraeorum
2175 4065 2541 4143 respublice

1517 4150 1821 4228 quamdiu
1868 4149 2206 4224 manebat,
2255 4157 2383 4208 tam
2433 4149 2550 4210 diu

1518 4234 1742 4293 Iudaei
1810 4234 2157 4292 utebantur
2225 4255 2343 4293 sua
2405 4235 2566 4315 lege-

1516 4318 1851 4393 iudiciali,
1895 4318 2008 4377 sed
2045 4339 2082 4376 a
2120 4318 2425 4380 Romanis
2461 4318 2548 4378 li-
2626 4368 2631 4373 .

370 4404 652 4467 Hebraei
717 4414 869 4465 sunt
927 4404 1195 4482 Iudaei,
1245 4402 1443 4465 Hebr.
1522 4403 1781 4480 mitata,
1832 4400 1986 4462 Act.
1987 4422 2123 4504 23
2173 4423 2231 4485 3.

2427 4486 2560 4547 He-
