2779 5085
584 230 979 332 RERRUM
1071 250 1175 291 121·
1266 229 1928 298 VERBORUM.

175 392 480 456 latentis
520 462 523 463 ⁷
553 387 926 472 ‘proditoris
952 434 972 467 ,
1094 390 1241 455 1011.

184 484 291 542 13:
353 483 466 541 31.
552 479 607 537 Α
679 474 1042 554 Discipulis
1090 478 1245 536 sub-

178 574 490 624 tractum
576 560 1046 621 dormientibus
1124 563 1245 620 mi-

178 651 434 709 litibus
501 667 615 706 cur
677 666 714 703 a
769 644 1099 723 Synedrio
1148 647 1247 706 di-

181 735 589 813 vulgatum,
675 728 910 789 Matth.
975 732 1075 790 28:
1156 735 1249 792 13.

2271 263 2355 328 4³

1317 390 1554 453 Matth.
1576 392 1677 466 261
1703 394 1810 457 65.
1857 395 2184 459 Christum
2209 402 2355 464 vita

1318 488 1384 540 et
1423 479 1727 559 operibus
1759 482 2174 561 conspicuum
2207 487 2353 549 fore

1320 563 1727 645 praedicitur
1750 586 1787 624 a
1813 567 2111 628 Simeone
2132 613 2152 644 ,
2190 572 2358 634 Luc.

1321 668 1379 709 2:
1431 652 1533 719 34.
1600 650 1969 710 Secundum
2025 652 2359 718 Christum

1322 734 1554 794 vivere
1614 733 2000 823 volentibus?
2033 758 2361 819 nunquam

193 818 548 877 Christum
615 836 655 873 a
709 823 917 873 morte
975 814 1248 875 liberari
1325 820 1602 880 deerunt
1641 821 2081 901 vexationes,
2133 843 2159 883 1
2204 826 2354 887 Cor.

187 914 349 963 erat
394 921 479 960 ex
521 922 595 961 re
636 898 902 957 humani
949 900 1248 978 generis,
1326 922 1383 979 7:
1442 901 1544 962 26.

190 986 415 1048 Hebr.
477 988 540 1046 5:
591 1005 652 1064 7.

192 1070 565 1151 confugere
613 1068 852 1129 debent
896 1067 1003 1147 qui
1036 1067 1107 1126 in
1143 1090 1247 1129 ae-

190 1166 469 1217 ternum
533 1152 788 1215 servari
848 1152 1161 1232 cupiunt,
1218 1172 1243 1212 1

194 1242 385 1302 Petr.
434 1260 492 1301 2:
543 1239 604 1298 6.
692 1236 1018 1297 Christum
1062 1256 1178 1298 cur
1215 1259 1251 1296 a

198 1324 525 1385 Romanis
559 1322 909 1382 maluerint
931 1322 1249 1401 prehendi

201 1430 404 1489 qnam
494 1429 532 1467 a
616 1408 749 1467 suis
850 1407 1201 1468 Pontifices
1230 1452 1248 1482 ,

205 1492 448 1556 Matth.
484 1492 586 1554 26:
614 1495 720 1562 48.
763 1491 894 1550 Cur
915 1492 1252 1553 voluerint

162 1579 520 1638 'occidere
576 1577 961 1637 ludaeorum
1001 1576 1252 1656 princi-.

200 1684 363 1744 pes,
389 1663 550 1723 Luc.
592 1680 692 1722 20:
729 1681 824 1740 19.
869 1661 1000 1720 Cur
1028 1660 1239 1722 Chris-

203 1757 357 1806 tum
421 1747 586 1806 mori
642 1746 878 1805 siverit
929 1754 994 1806 et
1049 1746 1251 1806 susci-

205 1832 463 1891 taverit
520 1833 739 1904 Deus,
810 1830 996 1889 Rom.
1046 1845 1141 1902 14:
1190 1851 1249 1910 9.

210 1917 550 1976 Christum
590 1917 823 1975 debere
862 1935 999 1975 esse
1026 1935 1109 1975 ex
1131 1918 1253 1973 tri·

208 2003 309 2061 bu
354 2001 513 2060 luda
554 2001 891 2059 constabat
929 2001 1107 2059 inter
1146 2001 1252 2060 Iu-

212 2087 458 2161 daeos,
504 2083 704 2145 Hebr.
750 2105 808 2160 7:
864 2090 961 2146 13.
1026 2084 1249 2145 Chris-

210 2181 357 2230 tum
408 2171 705 2230 deserens
741 2171 946 2229 Deum
976 2170 1249 2244 deserit,

216 2253 426 2315 Hebr.
466 2259 526 2316 32
577 2273 674 2314 12.
747 2252 1079 2313 Christum
1123 2256 1251 2314 dis-

215 2338 427 2425 cipuli·
452 2340 861 2420 interrogant
904 2340 981 2398 de
1011 2349 1249 2421 tempo·

214 2445 292 2484 re
350 2424 602 2484 excidii
664 2423 929 2501 templi,
996 2424 1072 2484 de
1118 2425 1252 2483 eius

218 2510 515 2571 adventu
558 2517 626 2570 et
667 2508 1025 2569 seculorum
1079 2510 1205 2568 fine
1233 2555 1250 2584 ,

216 2595 456 2658 Matth.
501 2609 601 2665 24:
642 2599 704 2656 3.
790 2593 890 2654 Ex
934 2593 1251 2654 Bethania

221 2699 361 2740 esse
405 2680 728 2739 sublatum
779 2680 952 2740 unde
1001 2677 1248 2759 colligi-

217 2773 360 2840 tur,
388 2766 535 2825 Act.
564 2783 615 2826 1:
636 2777 749 2826 “12.
796 2763 960 2824 Eum
988 2764 1061 2823 in
1086 2785 1256 2823 mor-

186 2841 289 2910 ‘te
330 2869 597 2910 manere
645 2868 762 2907 cur
809 2869 1076 2928 aequum
1123 2870 1250 2906 non

222 2934 500 3010 fuisset,
566 2932 769 3004 Rom„
812 2937 871 2995 8:
926 2953 1022 2993 11.
1112 2932 1255 2992 Non

218 3019 422 3079 fuisse
488 3018 647 3097 Legi
710 3018 1035 3078 subditum
1084 3019 1256 3077 unde

222 3104 482 3182 quidam
547 3103 822 3182 probare
879 3097 1255 3176 voluerint,

220 3188 458 3249 Mattb.
503 3189 561 3249 8:
613 3190 672 3249 3.
751 3186 1002 3247 Nudum
1048 3186 1256 3247 homi-

740 983 846 1043 Ad
916 981 1247 1047 Christum
1285 986 1700 1048 Christianus
1715 986 1933 1048 animo
1947 990 2259 1053 adversus
2275 994 2366 1054 li-

1322 1071 1611 1133 bidinem
1633 1091 1891 1147 coecus,
1924 1074 2152 1134 Matth.
2176 1080 2236 1138 5:
2257 1081 2360 1139 28.

1327 1159 1414 1216 Ut
1432 1156 1730 1216 dominus
1749 1155 1819 1214 in
1845 1178 2094 1236 servos,
2112 1162 2206 1220 sic
2223 1163 2364 1223 Rex:

1323 1243 1394 1301 in
1431 1241 1722 1301 subditos
1747 1242 2091 1323 imperium
2115 1244 2363 1308 habere

1323 1334 1575 1408 potest,
1618 1326 1890 1387 Philem.
1938 1348 1961 1387 1
1989 1372 2009 1405 ,
2043 1334 2140 1389 15.
2201 1332 2368 1403 Qni-

1327 1414 1472 1472 dam
1520 1411 1604 1470 ad
1651 1409 1981 1473 Christum
2030 1415 2364 1496 abnegan-

1330 1498 1479 1555 dum
1563 1505 1951 1576 provocatus
2023 1499 2365 1561 Persarum

1326 1581 1564 1661 Regem
1623 1579 1896 1659 amplius
1945 1584 2159 1641 noluit
2207 1586 2368 1645 ado-

1324 1687 1506 1739 rare,
1539 1662 1772 1727 Matth.
1793 1679 1854 1735 4:
1885 1686 1955 1744 9,
1987 1667 2224 1739 Luc-4:
2256 1688 2363 1749 27.

1328 1750 1738 1810 Christianus
1762 1750 2001 1809 nullius
2016 1751 2221 1811 hostis
2236 1762 2360 1828 est,

1328 1836 1655 1896 nomas:
1709 1854 1762 1893 1.
1831 1833 2041 1895 Nullis
2088 1838 2276 1897 malis
2325 1860 2364 1899 a

1327 1920 1455 1978 fide
1502 1927 1566 1999 et
1613 1920 1960 1979 dilectione
2010 1921 2365 1982 absterreri

1330 2004 1567 2080 debet,
1630 2001 1862 2061 Matth.
1918 2020 2016 2073 2³2:
2051 2011 2169 2067 ·13.
2257 2006 2359 2067 Ob

1329 2089 1605 2148 adversa
1666 2105 1827 2165 quae
1887 2086 2018 2146 fert
2078 2098 2367 2149 contem-

1326 2174 1575 2232 nendus
1604 2192 1740 2229 non
1764 2180 1863 2230 est
1882 2215 1900 2245 ,
1929 2192 1966 2231 2
1994 2173 2146 2232 Cor.
2179 2178 2272 2235 13:
2300 2189 2366 2245 4.

1330 2256 1739 2316 Christianus
1777 2256 2049 2335 populns
2086 2259 2153 2316 in
2186 2258 2369 2318 Isaa-

1329 2363 1408 2401 co
1453 2342 1911 2415 adumbratus,
1966 2342 2149 2401 Rom.
2193 2364 2252 2425 9:
2301 2364 2367 2425 9.

1330 2426 1740 2485 Christianus
1808 2426 1864 2482 si
1934 2424 2181 2486 Christi
2246 2450 2370 2488 no-

1330 2511 1504 2571 mine
1567 2510 1872 2592 puniatur
1935 2513 2074 2572 Deo
2121 2514 2365 2592 gratias

1327 2617 1405 2657 eo
1468 2597 1734 2672 nomine
1797 2615 1986 2674 agere
2048 2599 2276 2673 debet,
2332 2618 2361 2658 1

1331 2682 1506 2743 Petr.
1533 2695 1593 2750 4:
1636 2680 1731 2738 16.
1803 2681 2177 2741 Christiano
2222 2683 2370 2742 des-

1328 2766 1687 2848 perandum
1720 2786 1856 2824 non
1890 2776 1988 2826 est
2014 2767 2085 2825 in
2112 2767 2366 2847 magnis

1334 2851 1611 2910 miseriis
1636 2851 1895 2929 imperii
1919 2852 2131 2911 civilis
2154 2862 2219 2910 et
2240 2852 2373 2911 Ec·-

1333 2936 1570 2994 clesiae
1592 2979 1611 3011 ,
1652 2935 1811 2994 Luc.
1837 2954 1905 2994 21
1922 2941 2069 2996 :⁰28-
2140 2937 2372 2996 Chris-

1330 3020 1513 3079 tiano
1554 3020 1662 3100 pio
1696 3018 1867 3077 nihil
1903 3029 1998 3079 est
2032 3021 2373 3080 excellen-

1330 3105 1506 3178 tius3
1571 3104 1628 3162 si
1689 3104 1969 3161 nominis
2032 3103 2136 3162 vis
2198 3104 2370 3162 absit

1328 3187 1505 3246 nihil
1537 3186 1912 3261 nocentius,
1953 3187 2110 3245 Luc.
2136 3199 2234 3257 24:
2266 3190 2369 3256 34.

225 3293 373 3331 nem
437 3273 642 3331 fuisse
711 3272 879 3331 falso
955 3273 1259 3332 dicebant
1335 3271 1779 3331 Christianum
1839 3293 1971 3331 non
2017 3271 2177 3330 facit
2218 3293 2373 3352 pro-

232 3357 546 3418 Ebionaei
570 3401 589 3431 ,
642 3357 780 3415 loh.
822 3377 874 3417 1:
916 3357 977 3415 6.
1023 3359 1249 3418 Passu-
1332 3356 1534 3417 fessio
1559 3358 1671 3416 sed
1698 3357 1889 3433 actio,
1919 3358 2151 3417 Matth.
2178 3376 2236 3436 7:
2269 3374 2371 3417 21.

225 3462 372 3501 rum
416 3442 617 3501 multa
662 3441 1021 3523 Prophetae
1062 3441 1257 3522 signi-
1296 3442 1659 3502 Christiani
1727 3443 1834 3520 qui
1903 3451 1968 3502 et
2035 3443 2205 3502 unde
2272 3442 2369 3500 sic

230 3527 474 3600 ficant,
547 3546 573 3585 1
627 3528 799 3589 Petr.
852 3546 902 3586 ιε
958 3546 1055 3586 11.
1110 3527 1259 3602 ιΡθι·

233 3632 369 3670 eum
414 3610 611 3670 hodie
653 3612 767 3671 via
805 3611 1002 3670 unica
1043 3620 1141 3670 est
1180 3611 1261 3669 ad
1313 3616 1319 3620 '

227 3696 541 3755 iustitiam
617 3696 989 3772 internam,
1079 3695 1260 3754 Rom.

232 3795 326 3840 1'0:
372 3793 437 3850 4.
522 3780 648 3839 Pro
697 3781 933 3841 Messia
977 3801 1090 3839 cur
1126 3800 1257 3839 non

227 3865 702 3945 cognoscebant
762 3864 1150 3925 Antichristi
1197 3874 1262 3923 et

230 3949 909 4030 Pseudo-Prophetae,
954 3971 993 4010 2
1022 3948 1164 4009 Ioh.
1201 3968 1260 4028 7.

229 4034 557 4093 Christum
609 4035 872 4115 quinam
920 4035 1100 4092 cruci
1148 4031 1260 4093 ad·

228 4119 554 4194 dixerint,
608 4139 632 4177 1
668 4120 817 4179 Cor.
842 4139 897 4179 2:
927 4121 987 4177 8.
1035 4118 1259 4178 Chris-

219 4205 352 4262 tum
378 4204 488 4283 qui
515 4204 891 4284 profitetur,
936 4211 1036 4262 est
1077 4205 1293 4264 velut‘

223 4286 414 4347 homo
467 4309 719 4365 novus,
767 4307 806 4348 2
854 4289 1006 4347 Cor.
1051 4290 1129 4347 52⁴
1166 4307 1258 4363 ¹7·

231 4371 555 4452 Christum
602 4376 712 4452 qui
757 4393 824 4433 se
878 4373 1047 4432 falso
1097 4372 1259 4431 dicit

200 4456 302 4515 *in
343 4459 542 4520 Deum
585 4467 683 4517 est
719 4458 1255 4536 contumeliosus,

1334 3527 1539 3602 dicti,
1610 3526 1843 3588 Matth.
1907 3528 2158 3607 inscr.‚
2222 3527 2374 3585 Act.

1341 3630 1435 3671 11:
1483 3611 1584 3671 26.
1639 3611 1890 3672 Aaroni
1934 3612 2178 3671 similes
2219 3632 2376 3690 pro-

1333 3696 1657 3774 fessione,
1720 3699 1925 3777 Apoc.
1976 3711 2069 3765 14:
2127 3714 2180 3753 1.
2267 3694 2369 3753 Ab

1336 3780 1607 3860 Angelis
1647 3813 1652 3818 ·
1690 3780 1928 3841 fratres
2016 3780 2368 3856 dicuntur,

1337 3868 1537 3943 Apoc.
1590 3883 1683 3925 12:
1743 3883 1838 3923 10.
1931 3864 2031 3923 Ad
2075 3864 2368 3924 „salutem

1337 3949 1747 4009 destinantur
1790 3949 1921 4009 nisi
1963 3950 2219 4009 sibimet
2255 3949 2375 4008 ob-

1336 4042 1548 4104 stent,
1597 4033 1795 4093 Hebr.
1847 4054 1897 4094 1:
1950 4048 2047 4106 14.
2138 4037 2239 4094 An
2288 4033 2368 4093 ab

1335 4118 1631 4178 omnibus
1699 4121 1949 4199 legibus
2018 4120 2263 4195 liberi,
2338 4137 2366 4178 ι

1339 4205 1491 4264 Cor.
1538 4207 1596 4264 5:
1640 4225 1717 4279 2,
1772 4224 1793 4262 1
1844 4205 2016 4264 Pctr.
2052 4223 2108 4264 2:
2155 4205 2250 4263 16.
2313 4203 2369 4262 A

1333 4288 1558 4368 regula
1618 4289 1771 4348 fidei
1837 4298 1943 4346 aut
1987 4289 2162 4348 vitae
2211 4286 2374 4347 defi-

1335 4374 1577 4432 cientes
1625 4371 1887 4456 Diaboli
1928 4375 2092 4434 fiunt
2127 4369 2374 4432 manci-

1337 4461 1484 4539 Ρὶιι,ἱ
1509 4460 1714 4521 Marc}
1740 4462 1800 4521 5:
1837 4477 1932 4520 10.
2005 4456 2371 4597 (Πυῆκὶιίθηὶ

2151 4542 2196 4598 C
2253 4536 2378 4597 ris-
