2779 5085
382 277 502 340 190

408 412 688 488 trarias,
741 413 894 472 Luc.
940 431 995 474 i:
1041 415 1145 493 37.
1207 413 1444 475 Poten-

409 501 544 559 tiae
608 498 730 557 Dei
795 516 1077 558 summae
1130 497 1442 577 effectus,

414 580 583 663 Eph.
636 603 687 642 1:
747 601 841 662 19.
932 583 1268 644 Potentiae
1326 583 1445 643 Di-

412 671 611 731 vinae
648 667 1031 744 descriptio,
1051 669 1304 728 'Matth.
1342 672 1440 730 25:

414 757 517 815 31.
582 751 736 811 Eius
772 760 836 811 et
868 749 1185 813 humanae
1217 764 1445 834 poten-

408 838 542 897 tiae
580 835 985 909 differentia,
1032 836 1209 898 Rom.
1252 858 1304 898 1:
1345 857 1445 897 20.

411 921 777 984 Potentiam
838 921 1146 980 Divinam
1211 942 1443 1002 agnos-

414 1028 560 1066 cere
620 1004 1020 1084 principium
1054 1005 1394 1087 religionis
1418 1051 1440 1082 o

416 1089 643 1150 Matth.
685 1093 742 1149 8:
790 1109 861 1164 2,
910 1109 969 1169 9:
1018 1091 1116 1148 28.

362 1177 655 1239 Potestas
707 1171 969 1232 Christo
1017 1173 1084 1231 in
1126 1173 1320 1233 terris
1371 1192 1437 1232 a·

407 1260 581 1341 genti
627 1259 815 1333 data,
865 1256 1320 1339 distinguenda
1358 1260 1435 1318 ab

406 1364 485 1407 ea
515 1362 699 1422 quam
723 1352 871 1429 post
897 1346 1436 1402 resurrectionem

406 1428 701 1505 accepit,
767 1425 996 1485 Matth.
1058 1446 1116 1507 9:
1168 1426 1226 1485 6⁴.
1316 1428 1435 1487 Po-

401 1521 600 1573 testas
631 1520 963 1589 parentum
989 1511 1061 1569 in
1089 1513 1434 1570 liberorum

403 1597 651 1676 nuptiis
709 1600 844 1653 non
890 1596 1052 1654 iuris
1103 1608 1273 1655 mere
1321 1618 1438 1655 na-

404 1681 636 1740 turalis
705 1688 803 1739 est
868 1680 980 1739 sed
1041 1689 1107 1740 et
1173 1682 1434 1754 civilis,

408 1764 640 1826 Matth.
723 1783 828 1824 22.-
916 1766 1019 1825 30.
1145 1765 1436 1826 Potestas

409 1869 654 1921 summa
712 1868 1022 1928 quaenam
1072 1848 1146 1908 in
1192 1871 1436 1929 quoque

401 1934 717 2013 imperio,
768 1951 792 1991 1
842 1934 1016 1993 Petr.
1052 1946 1250 2006 :iz-14.
1316 1936 1434 1994 Po-

398 2018 624 2079 testati
676 2018 912 2076 minori
960 2029 1187 2078 contra
1239 2020 1434 2077 maio-

401 2124 541 2165 rem
581 2101 759 2161 aliud
791 2102 1117 2163 iubentem
1154 2125 1285 2162 non
1320 2105 1433 2161 ob·

398 2187 889 2267 temperandum
917 2234 931 2258 ‚
972 2187 1135 2246 ibid.
1213 2188 1432 2245 Potes·

400 2281 595 2332 tatem
664 2271 974 2330 malorum
1027 2292 1163 2330 non
1214 2272 1428 2328 crimi-

400 2365 644 2418 nantur
680 2354 947 2436 Angeli,
984 2354 1143 2415 ibid.‘
1211 2355 1431 2414 Potes-

396 2452 531 2502 tate
543 2432 849 2519 'suprema
871 2440 1218 2499 constituta
1242 2439 1429 2499 simul

295 2542 302 2556 “
399 2526 750 2587 constituta
780 2533 879 2583 est
902 2533 1183 2604 potestas
1211 2545 1427 2583 eorum

395 2612 504 2691 qui
533 2612 651 2668 sub
680 2610 804 2667 ista
833 2610 1133 2687 populum
1160 2618 1427 2688 regunt,

313 2695 324 2706 ’
400 2695 585 2754 Rom.
636 2697 727 2753 13:
782 2711 836 2749 1.
899 2693 1256 2752 Potestates
1298 2701 1428 2751 ter-

396 2796 596 2838 renae
651 2771 1006 2855 'fugiendae
1065 2777 1428 2855 pastoribus

396 2860 771 2932 Ecclesiae,
822 2860 963 2920 Ioh.
1009 2860 1067 2919 6:
1124 2865 1217 2921 15.
1307 2863 1425 2920 Po·
1468 2853 1474 2880 ³

391 2954 658 3008 testates
691 2945 939 3004 Latinis
968 2944 1122 3024 quid
1140 2991 1160 3022 ‚
1196 2953 1234 3006 2
1262 2946 1431 3006 Petr.

355 3047 777 3195 Piaelccieptum
824 3121 1077 3173 mutuae
1135 3112 1429 3173 dilectio-

353 3202 497 3260 ‘nis
543 3221 660 3259 cur
706 3195 1116 3279 praeceptum
1165 3197 1431 3258 Domini

390 3293 709 3358 vocetur,
754 3282 899 3343 1011.
945 3288 1039 3344 13:
1072 3288 1174 3354 34.
1236 3284 1429 3343 Prae-

398 3370 568 3449 cepti
650 3367 907 3449 Legalis
979 3369 1057 3427 de
1124 3368 1430 3448 proximo

395 3453 732 3533 diligendo
825 3453 1061 3532 duplex
1160 3472 1467 3536 sensus„

393 3538 627 3600 Matth.
694 3557 787 3614 19:
860 3554 956 3616 19.
1080 3537 1430 3613 Praecepta

393 3619 855 3703 adstringenda
893 3631 1043 3681 sunt
1078 3631 1187 3681 aut
1212 3630 1427 3680 rectae

390 3709 673 3782 rationi,
704 3716 813 3767 aut
849 3708 1243 3767 Divinorum
1281 3727 1427 3765 ora-

334 3867 338 3871 >
393 3795 696 3856 culorum
733 3792 1006 3865 finibus,
1057 3791 1297 3852 Luc.6:
1328 3796 1428 3853 35.

394 3878 827 3937 Particularia
891 3896 969 3935 ex
1037 3877 1428 3936 universali-

391 3964 509 4020 bus
556 3961 810 4036 fluunt,
849 3960 1113 4020 'Matth.
1174 3981 1274 4021 22:
1324 3975 1426 4029 4ο.

390 4047 767 4106 Memor-iter
797 4046 1045 4105 discere
1071 4065 1296 4125 parum
1320 4066 1426 4104 re-

390 4131 567 4204 fert,
654 4132 782 4190 nisi
848 4150 919 4191 re
985 4130 1379 4210 impleantur
1406 4175 1424 4204 ,

389 4215 580 4274 Rom.
626 4235 680 4275 2:
726 4219 836 4276 13.'
889 4213 992 4273 Ad
1028 4224 1267 4273 rectum
1318 4236 1421 4272 or-

390 4300 608 4359 dinem
646 4307 710 4358 et
746 4299 1045 4359 decorem
1091 4299 1425 4377 pertinen-

386 4385 486 4444 tia
521 4406 685 4443 rnon
755 4385 972 4443 omnia
1019 4385 1377 4463 perscripta
1404 4429 1422 4458 ,

356 4471 507 4534 ·se‹l
588 4465 898 4551 permissa
969 4468 1424 4549 Apostolorum

1155 231 1732 317 ‘innnx

1514 408 1901 494 prudentiae
1986 417 2061 470 et
2128 412 2563 494 auctoritati,

1523 514 1549 555 1
1593 496 1744 555 Cor.
1794 514 1889 555 11:
1920 513 1981 555 2.
2064 496 2395 575 Specialia
2431 500 2595 563 ali-.

1520 581 1699 640 cuius
1749 577 2052 638 Doctoris
2090 582 2562 644 convenientia.

1520 684 1661 724 cum
1714 665 2071 745 praeceptis
2121 666 2366 726 Christi
2423 691 2555 747 quo

1517 749 1665 808 loco
1712 749 2056 825 habenda,
2108 771 2132 809 1
2168 752 2317 810 Cor.
2362 756 2418 812 3:
2459 768 2558 824 14.

1519 833 1868 914 Praecepta
1937 833 2183 894 Divina
2227 855 2361 894 non
2408 857 2553 896 esse

1516 919 1588 978 in
1632 917 1886 978 consilii
1928 919 2293 980 libertatem
2329 921 2443 999 sed
2478 922 2557 982 in

1517 1004 1967 1062 necessitatem
2005 1003 2415 1063 obedientiae
2444 1027 2556 1064 ac-

1516 1087 1841 1166 cipienda,
1870 1087 2101 1146 Matth.
2121 1091 2181 1149 5:
2207 1107 2308 1148 2ο.
2332 1152 2333 1155 ¹
2353 1090 2560 1150 Prae·-

1515 1180 1698 1250 cepta
1745 1172 1868 1231 Dei
1916 1193 2049 1252 per.
2081 1172 2302 1233 Mosen
2344 1195 2555 1253 quan-

1514 1255 1595 1314 do
1633 1257 1862 1315 vocari
1898 1266 2168 1336 possunt
2206 1268 2553 1338 praecepta.

1511 1339 1841 1398 hominum
1865 1386 1881 1415 ‚
1933 1342 2069 1401 Tit.
2102 1361 2154 1401 1:
2191 1356 2285 1413 14.
2328 1342 2553 1419 ⁴Prae--

1516 1433 1701 1504 cepta
1745 1425 1936 1505 Legis
1986 1426 2242 1504 quando
2285 1426 2553 1487 redacta.

1511 1509 1584 1568 in
1627 1528 1932 1568 summam
1960 1555 1979 1585 ‚
2028 1510 2255 1570 Matth.
2299 1531 2396 1571 22:
2441 1527 2554 1582 4ο.

1472 1594 1822 1673 Praecepta
1862 1596 2020 1653 iuris
2059 1594 2414 1673 ritualis'1et
2442 1595 2551 1654 iu·-

1513 1678 1875 1753 diciorum,
1925 1680 2082 1739 Luc.
2134 1697 2185 1739 l:
2227 1680 2284 1736 6.
2346 1679 2549 1740 Prae-

1512 1771 1695 1842 cepta
1739 1783 1854 1822 sua
1916 1763 2030 1823 sub
2077 1763 2277 1842 signis
2323 1766 2546 1824 trade-
2591 1816 2599 1825 .

1510 1847 1670 1906 bant
1716 1847 2063 1929 Aegyptii,
2112 1848 2342 1908 Matth.
2385 1869 2442 1927 7:
2483 1850 2544 1908 6.

1511 1931 2009 2011 Ρτειεοερῐοτοηι
2107 1933 2542 1992 Mosaicorum
2626 1992 2637 1998 ,

1513 2014 1884 2076 differentia
1924 2037 2004 2077 ex
2041 2025 2256 2076 mente
2300 2017 2545 2076 Rabbi-

1508 2118 1779 2174 norum,
1829 2101 1988 2160 Luc.
2042 2116 2134 2162 io:
2182 2105 2284 2162 25.
2346 2102 2545 2161 Prae-

1508 2193 1837 2262 ceptorum
1858 2195 1937 2257 ,et
1980 2185 2371 2245 monitorum
2418 2186 2546 2245 dif-

1464 2267 1828 2345 ·'ferentia,
1881 2288 1907 2329 ι
1954 2267 2106 2328 Cor.
2139 2291 2197 2348 7:
2227 2270 2291 2330 6.
2343 2271 2544 2330 Prae-

1508 2355 1709 2433 ceptis
1753 2353 1871 2414 Dei
1921 2352 2262 2413 servandis
2311 2375 2546 2412 secun-

1476 2464 1481 2469 ·
1507 2436 1669 2495 dum·
1702 2454 2101 2496 communem·
2130 2437 2542 2498 intellectum

1504 2522 1644 2581 Deo
1680 2521 1938 2601 placere
1979 2541 2309 2601 possumus
2333 2568 2351 2597 ,
2399 2521 2546 2582 Ioh.

1506 2627 1564 2683 7:
1611 2620 1713 2684 49.
1799 2606 2171 2686 Praeceptis
2236 2609 2540 2666 omnibus

1502 2690 1767 2750 Divinis
1789 2691 2383 2771 obtemperandum,
2408 2693 2544 2752 Iac.

1507 2796 1562 2835 2:
1612 2793 1707 2833 12.
1765 2776 2117 2852 Praecepta
2153 2787 2378 2835 nostra
2414 2777 2544 2853 ipsi

1507 2860 1966 2939 priusimplere
1985 2870 2299 2934 tenemur,
2322 2882 2343 2919 1
2367 2862 2545 2921 Petr-

1503 2948 1563 3006 5:
1617 2948 1677 3006 3.
1746 2945 2097 3029 Praeqepta
2148 2944 2392 3003 Christi
2433 2967 2543 3023 ap-

1506 3028 2216 3109 pellan‘tur,Doctrinae
2242 3030 2497 3087 nomine
2516 3074 2539 3103 ‚

1506 3115 1709 3175 Mar‘c.
1764 3127 1826 3184 4:
1901 3133 1960 3173 2.
2109 3113 2541 3194 Apertissima

1506 3207 1700 3274 sunt,
1749 3197 1980 3257 Matth.
2022 3200 2082 3256 5⁷:
2128 3200 2243 3273 48,
2298 3201 2393 3259 13:
2441 3217 2540 3257 ιο.

1505 3283 1848 3343 Pertinent
1873 3282 1953 3341 ad
1981 3281 2174 3340 anim'i
2201 3283 2493 3341 actiones
2513 3326 2536 3358 ,

1507 3368 1756 3428 Ioh.·6:
1813 3367 1916 3427 63.
2000 3366 2330 3438 Quaedam
2375 3376 2542 3427 tem-

1505 3453 1767 3532 poraria
1832 3447 2025 3525 sunt',
2097 3459 2162 3509 at
2209 3451 2359 3510 finis
2426 3473 2575 3511 eo-·

1502 3558 1643 3597 rum
1686 3544 2027 3616 perpetuus
2051 3578 2068 3610 ,
2118 3536 2352 3598 Matth.
2384 3536 2445 3597 6:
2474 3540 2538 3595 8².

1505 3623 1738 3681 Totam
1815 3618 2153 3700 religionis
2235 3622 2569 3680 substan-'

1502 3706 1653 3765 tiam
1677 3706 2039 3782 continent,
2062 3704 2296 3766 Matth.
2317 3710 2411 3768 13:
2435 3724 2459 3764 1
2477 3727 2532 3781 1,
2624 3733 2625 3742 ¹

1501 3794 1601 3851 28:
1645 3809 1746 3851 2ο.
1806 3788 2229 3850 Voluntatem
2266 3791 2387 3849 Dei
2421 3810 2536 3855 ex-l-

1504 3876 1831 3954 primunt,
1883 3894 1906 3934 1
1957 3874 2098 3934 Ioh.
2149 3895 2204 3942 2:
2255 3878 2317 3934 5.
2403 3872 2536 3931 Na-

1501 3968 1684 4019 turae
1732 3960 2051 4019 humanae
2099 3980 2211 4040 per
2259 3979 2324 4017 se
2375 3977 2535 4015 con-

1499 4046 1776 4105 veniunt
1797 4091 1814 4119 ,
1838 4045 2072 4105 Matth.
2100 4063 2119 4100 ι
2141 4064 2191 4103 1:
2221 4046 2321 4104 30.
2367 4041 2528 4099 Snas

1501 4130 1917 4209 exceptiones
1963 4128 2249 4199 habent,
2298 4124 2533 4185 Matth.

1499 4218 1559 4275 5:
1597 4229 1702 4285 40.
1762 4214 2114 4292 Praecepta
2154 4210 2397 4271 Christi
2435 4209 2536 4267 sa·-

1502 4320 1646 4358 cere
1695 4310 1791 4358 est
1834 4317 2082 4357 cessare
2128 4317 2162 4353 a
2211 4294 2531 4374 peccatis,

1507 4404 1528 4442 1
1581 4383 1720 4442 loh.
1780 4404 1835 4443 2:
1886 4388 1943 4444 3.
2031 4382 2527 4459 Praeceptorum

1502 4466 1749 4528 christi
1775 4476 2011 4554 natura
2035 4510 2057 4544 ,
2081 4464 2316 4527 Matth.
2335 4468 2400 4608 ¹5³:
2430 4467 2534 4527 32.

2384 4568 2528 4609 rae-
