2779 5085
658 242 1048 308 RERUM
1135 265 1223 307 8⁰1·
1324 241 1987 307 VE-RBORUM.
2298 270 2428 334 ²4⁷

280 397 676 484 Euangeliou
716 391 900 463 'dura
963 411 1032 463 et
1089 422 1315 485 aapera
1386 400 1669 462 latarum
1739 420 2023 483 corpora
2075 405 2180 468 die
2240 406 2426 490 puri-

282 498 382 548 est
445 498 512 548 et
576 508 732 548 vere
799 487 881 546 ad
938 490 1141 548 vitam
1195 510 1314 547 nos
1387 486 1717 546 ficationia
1782 508 1997 548 annuo
2064 491 2424 554 urebantur

284 573 504 648 ducit,
570 571 800 635 Hebr„
839 588 931 632 103
985 590 1087 633 2ο.
1193 572 1314 631 Via
1372 579 1581 631 sextra
1626 577 1882 646 castra,
1930 571 2128 633 Hebr.
2179 580 2275 638 153
2326 592 2423 640 11.

280 658 542 736 pietatis
590 677 706 716 cur
748 665 1019 735 angusta
1044 665 1127 717 ·et
1162 676 1309 717 con·
1348 654 1648 714 Victoria
1672 652 2194 735 praeclarissima
2221 680 2422 740 quae,

259 741 544 822 ,fragosa
569 741 847 816 dicatur,
872 741 1105 801 Matth.
1129 760 1187 819 7:
1220 745 1313 817 13,
1394 737 1625 805 Matth.
1664 742 1725 803 5:
1774 753 1879 810 44.
1930 740 2308 804 'Victoriam
2346 745 2424 806 de

283 829 483 904 Apoc.
552 845 649 885 213
713 828 809 884 18.
914 825 1057 897 Quo
1126 826 1316 885 modo
1393 823 1633 882 mundo
1662 833 1945 902 paratam
1979 826 2121 906 quin
2146 824 2425 908 habeat,

278 909 494 969 facilia
539 909 896 985 reddatur,
941 909 1107 969 ibid.
1191 909 1317 969 Via
1396 912 1420 968 1
1476 907 1617 967 loh.
1654 911 1716 969 5:
1763 921 1829 979 4.

282 994 366 1051 ad
432 993 703 1054 salutem
763 993 932 1051 nulli
987 1002 1086 1053 est
1130 1014 1315 1074 prae·
1348 990 1603 1053 Victori
1628 991 1843 1052 'militi
1891 990 2085 1052 Cilici
2131 1014 2266 1057 non
2307 1016 2429 1057 no·

279 1078 461 1135 elusa
489 1122 507 1152 ,
578 1087 838 1137 aeterna
901 1078 1019 1137 Dei
1069 1080 1315 1137 conati·
1392 1077 1527 1135 cuit
1559 1096 1914 1153 venenum,
1963 1077 2167 1139 Marc.
2199 1080 2293 1141 163
2327 1084 2428 1143 18.

279 1163 534 1223 tutione
578 1163 795 1221 nullan
835 1160 1116 1221 habente
1160 1182 1307 1222 cau·
1389 1159 1766 1220 Victoribus
1827 1160 1898 1219 in
1960 1164 2425 1226 certaminibus

255 1266 428 1320 -aas,
494 1246 674 1305 Rom.
726 1266 784 1325 9:
845 1250 938 1308 13.
1026 1244 1152 1304 Via
1198 1267 1312 1327 per
1388 1243 1776 1304 Graecorum
1837 1245 2164 1308 dabantur
2220 1246 2429 1315 ι’σελοὶα-
2532 1250 2541 1259 ’

179 1332 186 1338 ’
222 1374 228 1389 .
278 1329 535 1419 Legem¹
566 1351 680 1389 cur
724 1350 855 1389 non
898 1329 1096 1390 fuerit
1144 1331 1304 1410 opti·
1383 1348 1526 1399 ςικα
1560 1337 1629 1388 et
1663 1338 1984 1409 tesserae,
2012 1330 2217 1412 Apoc.
2239 1328 2298 1397 23
2328 1355 2426 1415 17.

265 1434 423 1491 ma,
480 1414 657 1473 Rom.
709 1418 767 1475 3:
817 1434 917 1494 29.
1003 1414 1195 1474 Viam
1244 1435 1311 1474 ae
1344 1412 1577 1472 Victus
1640 1413 1910 1473 diurnus
1982 1419 2429 1497 pauperrimo-

280 1498 576 1558 Christus
603 1499 933 1575 nominat,
961 1497 1103 1558 Ioh.
1134 1512 1229 1568 143
1252 1499 1313 1556 6.
1386 1517 1529 1555 rum
1570 1495 1902 1556 hominum
1919 1508 1941 1571 ,'
1965 1499 2168 1560 Marc.
2196 1522 2291 1564 123
2318 1515 2429 1576 44.

281 1583 467 1641 Viam
527 1584 791 1643 arduam
855 1591 921 1642 et
986 1582 1310 1642 difficilem
1386 1579 1650 1640 Victum
1733 1579 1869 1641 sibi.
1939 1594 2057 1640 cur
2123 1587 2425 1648 manibua

272 1666 533 1747 ingredi
602 1667 820 1746 paucis
879 1666 1087 1744 libet,
1160 1665 1314 1726 Luc.
1383 1673 1774 1743 quaererent
1815 1664 2149 1746 Apostoli,
2194 1666 2427 1732 Manli.

282 1755 380 1811 13:
430 1753 531 1811 23.
618 1749 892 1829 Facilius
931 1749 1309 1830 ingrediun·
1394 1767 1490 1809 10:
1540 1751 1603 1808 8.

273 1842 385 1894 tur
427 1834 639 1892 minus
684 1835 1033 1909 sarcinati,
1088 1853 1110 1892 1
1163 1834 1315 1893 Cor.
1344 1830 1703 1907 Videntea,
1752 1852 1990 1893 nomen
2043 1834 2424 1916 sapientum

285 1937 341 1979 1:
390 1919 494 1979 26.
594 1917 755 1979 Viae
830 1940 948 1998 pro
1015 1919 1267 1979 actibus
1294 1962 1314 1995 ‚
1391 1917 1564 1995 apud
1607 1915 1979 1992 Hebraeo„
2025 1918 2168 1980 1012.
2206 1941 2268 2001 9:
2320 1925 2429 2003 39.

277 2003 410 2062 Iac.
463 2021 514 2062 13
566 2005 626 2062 8.
741 2003 931 2065 quta
995 2004 1136 2062 vias
1200 2023 1313 2083 pu·
1388 2001 1678 2061 Videndi
1745 2002 2069 2062 vocabulo
2144 2002 2428 2067 Hebraei

277 2086 489 2146 blicaa
519 2086 700 2146 coeci
731 2087 957 2148 sedere
983 2088 1314 2165 solebant,
1389 2094 1615 2149 amant
1661 2104 1886 2146 aeneus
1945 2107 2165 2148 omnen
2220 2089 2431 2151 inter-

277 2171 421 2230 Ioh.
468 2192 529 2251 9:
587 2190 640 2230 1.
1387 2191 1507 2229 noa
1553 2177 1620 2230 et
1662 2179 1969 2232 externos
2011 2172 2423 2253 exprimere,

233 2255 470 2315 Viator
530 2255 671 2335 quia
733 2253 967 2315 Latine
1014 2254 1313 2332 dicatur,
1389 2254 1534 2315 Ioh.
1593 2272 1695 2317 203
1763 2250 1897 2335 ’29,
1964 2259 2110 2317 Act.
2178 2276 2237 2318 23
2295 2261 2424 2335 33,

281 2340 441 2399 Luc.
493 2359 585 2400 123
638 2342 745 2401 58.
889 2337 896 2346 '
1095 2380 1101 2391 .
1389 2338 1575 2399 Rom.
1624 2357 1677 2399 13
1728 2357 1850 2414 2ο,
1896 2359 1955 2419 73
2007 2359 2123 2418 21,
2174 2361 2201 2402 1
2250 2342 2427 2406 Tim.

231 2422 537 2487 vicarius
587 2424 865 2501 Spiritus
897 2422 1314 2482 Tertulliano
1388 2427 1448 2485 3:
1508 2422 1621 2500 16,
1679 2425 1883 2503 Apoc.
1935 2444 1988 2486 13
2039 2442 2124 2505 7,
2179 2443 2272 2488 113
2330 2444 2428 2488 12.

199 2506 202 2513 ”
281 2509 523 2569 dicitur
609 2508 930 2589 Spiritus.
986 2505 1310 2584 Sanctus,
1387 2507 1629 2570 Videre
1671 2509 1947 2570 sumitur
1991 2530 2110 2592 pro
2155 2530 2425 2593 cavere,
2552 2567 2565 2582 ,

281 2593 467 2653 Rom.
529 2596 588 2654 83
645 2613 740 2653 10.
825 2592 1075 2653 vicarii
1141 2592 1311 2652 Pon·
1388 2592 1560 2654 Phil.
1601 2596 1660 2656 33
1710 2593 1795 2653 2.’
1854 2593 1981 2653 Pro
2045 2604 2226 2655 certo
2273 2617 2429 2678 cog-

275 2678 563 2737 tificibua
600 2677 949 2754 succedere
977 2676 1309 2754 solebant,
1386 2697 1694 2754 noscere,
1743 2675 1944 2739 Hebr.
1963 2697 2022 2738 23
2048 2699 2122 2759 9,
2151 2679 2428 2743 Zlohm.

277 2764 479 2823 Marc.
523 2762 736 2823 2326.
1386 2763 1514 2821 Pro
1574 2761 1841 2838 mirari,
1916 2763 2120 2843 Apoc.
2176 2783 2272 2827 123
2329 2783 2426 2828 12.

231 2844 649 2906 Victimain
709 2843 931 2906 Sacris
993 2843 1310 2922 quomodo
1386 2844 1787 2924 Frequenter
1855 2847 2026 2926 apud
2090 2846 2423 2911 Hebraeos

233 2931 835 3011 ‚praeparabatum
887 2926 1059 2988 Phil.
1100 2946 1162 2987 23
1218 2946 1312 3005 17.
1386 2949 1503 3008 pro
1572 2928 1897 3008 experiri,
1966 2934 2166 3010 Apoc.
2215 2936 2309 2995 18:
2402 2979 2425 3000 .

281 3015 564 3074 Victima
626 3035 741 3074 cur
805 3013 979 3073 ferre
1047 3019 1313 3091 peccata
1387 3012 1514 3073 Pro
1580 3012 1959 3092 participem
2019 3015 2211 3091 fieri,
2281 2953 2427 3078 Ing.

236 3087 620 3160 ‘dicebatur
664 3099 751 3157 in.
807 3098 1015 3177 Lege,
1087 3094 1313 3155 Matth.
1386 3101 1448 3159 5:
1500 3099 1560 3157 3.
1644 3094 1887 3155 Videre
1943 3099 2279 3177 praecedit
2322 3100 2425 3180 ip-

276 3204 376 3245 20:
433 3186 556 3259 28,
620 3184 719 3244 26:
774 3185 918 3242 28.·
989 3179 1311 3239 Victimae
1386 3200 1522 3240 aum
1595 3179 1902 3255 credere,
1983 3178 2126 3240 1011.
2190 3182 2252 3243 63
2317 3195 2425 3253 4ο.

278 3269 550 3349 Legalea
574 3277 722 3327 sunt
738 3269 1098 3345 Martyrum
1126 3285 1312 3344 prae·
1386 3265 1628 3324 Videre
1665 3263 2015 3344 conspicua
2045 3263 2156 3344 qui
2197 3266 2428 3327 nolue-

277 3352 744 3432 figurationea,
817 3369 854 3412 2
902 3351 1077 3412 Tim.
1137 3363 1197 3419 4:
1250 3349 1313 3407 6.
1386 3350 1524 3428 rit,
1590 3346 1649 3408 ei
1695 3349 1767 3408 in
1814 3357 2140 3429 posterum
2198 3349 2427 3411 iudicii
2490 3397 2512 3429 5

275 3438 600 3497 Victimae
669 3437 839 3496 lotae
908 3435 1314 3509 ducebantur
1384 3435 1489 3495 vis
1524 3432 1925 3512 hebetatur,
1991 3434 2174 3494 Rom.
2219 3452 2313 3498 113
2364 3433 2429 3497 8.

277 3542 394 3603 per
421 3530 670 3601 portam
699 3520 1130 3601 probaticam,
1172 3517 1312 3578 loh.
1386 3519 1631 3579 Videre
1678 3521 1930 3580 remota
1973 3518 2169 3600 longe
2213 3527 2426 3601 potest
2498 3555 2501 3558 ·

276 3610 339 3667 5:
379 3626 439 3669 2.
508 3605 876 3665 Gratiarum
924 3603 1202 3663 actionis
1248 3612 1314 3663 et
1389 3603 1628 3683 aliquia
1707 3600 1949 3682 duplici
2032 3604 2274 3685 mod0,
2357 3612 2426 3664 et

279 3712 400 3771 pro
438 3691 723 3770 peccatis
756 3689 935 3768 iungi
976 3688 1311 3763 solebant,
1384 3686 1743 3765 quomodo,
1789 3704 1830 3747 2
1879 3686 2031 3746 Cor.
2072 3683 2165 3749 123
2204 3709 2264 3750 2.
2296 3687 2427 3746 vi-

279 3774 483 3836 Hebr.
526 3795 584 3853 9:
622 3792 715 3853 ¹9·
799 3773 1142 3833 Debebant
1174 3792 1313 3831 esse
1388 3771 1562 3840 deria
1625 3771 1772 3846 Tu,
1839 3771 2048 3849 qualia
2111 3772 2424 3853 loquendi

277 3866 542 3919 sanctae
575 3866 641 3916 et
675 3856 821 3918 'aine
874 3856 1098 3934 vitiis,
1148 3854 1313 3936 Eph.
1382 3855 1662 3915 formula
1686 3898 1708 3932 ‚
1755 3853 1988 3915 Matth.
2035 3873 2135 3935 27:
2181 3871 2245 3928 4.

276 3945 339 4005 53
390 3963 462 4021 27
490 3986 509 4017 ,
579 3940 750 4001 Phil.
802 3955 864 4012 43
921 3942 1017 4006 18.
1104 3938 1311 3999 Victi·
1342 3936 1599 4018 Vidua,
1634 3959 1742 4000 rea
1774 3937 2143 4016 imbecilla,
2188 3958 2212 4001 1
2246 3940 2425 4001 Petr.

275 4047 527 4089 marum
566 4047 711 4086 cum
752 4044 1025 4105 corpore
1064 4022 1313 4084 christi
1388 4027 1449 4085 3:
1512 4044 1573 4102 7.
1657 4022 1932 4084 Viduam
2003 4024 2236 4086 ducere
2307 4043 2426 4085 cur

273 4109 779 4187 convenientia,
850 4109 1012 4170 Luc.
1060 4128 1159 4169 223
1218 4126 1312 4188 19.
1387 4105 1666 4169 Clericia
1731 4109 1886 4168 olim
1918 4133 1923 4146 ¹
1954 4107 2425 4189 interdictum,

276 4197 512 4258 Earum
539 4195 962 4254 inutilitatem
993 4212 1184 4271 saepe
1207 4193 1312 4251 in·
1394 4213 1419 4252 1
1464 4193 1638 4252 Tim.
1679 4196 1740 4255 3:
1778 4212 1839 4254 2.
1915 4190 2166 4256 Viduae
2206 4201 2432 4255 tutan-

278 4284 542 4340 culcant
595 4280 829 4340 Paulus
891 4288 955 4339 et
1013 4276 1314 4357 Scriptor
1386 4279 1506 4340 dae
1545 4284 1730 4354 sunt,
1770 4276 1974 4337 Marc.
2005 4296 2100 4340 123
2126 4294 2231 4350 40.
2296 4279 2428 4339 Cur

280 4366 357 4424 ad
416 4365 736 4425 Hebraeos
797 4372 869 4423 ut
912 4382 1045 4422 rem
1096 4360 1312 4441 magni
1386 4362 1596 4421 colum
1660 4362 1730 4420 in
1780 4362 2207 4443 Presbyteraa
2256 4363 2432 4423 elec-

277 4450 616 4528 momenti,
666 4448 863 4511 Hebr.
890 4467 982 4510 10:
1018 4466 1115 4508 11.
1180 4446 1314 4508 Ob·
1388 4455 1535 4602 ηερ,
1579 4446 1739 4507 Luc.
1765 4466 1821 4511 23
1854 4450 1927 4528 57
1951 4491 1973 4524 ‚
2019 4467 2044 4508 1
2077 4448 2338 4586 Timg:
2362 4458 2428 4540 4.

1559 4545 1600 4600 4
2262 4585 2272 4594 ,
2325 4548 2428 4586 m..
