2779 5085
654 253 1227 349 nssnuuun
1308 246 1968 319 venzonum.

2320 267 2405 347 67

254 413 360 477 do
409 415 804 475 adscendere
827 460 848 493 ,
892 417 1149 495 quaudo
1193 416 1308 477 de-
1374 413 1416 472 1
1441 418 1503 471 bi
1544 416 1686 494 plus
1710 418 2014 495 contulit,
2041 419 2186 501 plus
2208 426 2401 485 etiam

258 502 587 561 scendere
613 501 912 576 dicatur,
945 502 1090 558 Act.
1111 521 1172 579 7:
1201 504 1307 572 34.
1372 500 1620 580 exigit,
1661 499 1840 560 Rom.
1863 507 1922 563 32
1968 521 2071 563 2ο.
2114 505 2401 571 Verbum

260 585 551 657 Quando
593 585 790 643 alicui
848 584 1073 644 adesse
1124 584 1305 644 dica·

257 679 378 728 tur
401 713 424 744 ,
471 667 611 728 1011.
653 672 714 730 ³:
754 688 815 730 2.
878 669 1047 741 Quia
1094 670 1305 729 omui-

1371 603 1558 644 suum
1597 586 1769 664 apud
1812 606 1928 646 nos
1954 629 1974 662 ,
2037 608 2154 649 uos
2200 596 2402 671 spiri-

1370 675 1508 727 tum
1574 676 1866 731 nostrum
1950 673 2117 750 apud
2193 678 2396 737 Deum

254 764 498 834 potens
523 751 968 827 est,effectum
996 753 1302 832 datquod
1369 751 1796 831 deponimus,
1861 774 1901 815 2
1943 752 2115 816 Tim.
2180 777 2233 820 ιε
2305 780 2398 823 ι2.

251 838 454 912 vult,
523 838 672 898 Act.
710 851 773 906 4:
823 838 924 896 28.
1007 836 1176 909 Quid
1224 838 1298 897 iu
1368 835 1447 895 ln
1473 835 1696 896 Veteri
1739 836 2158 900 Testamento
2183 845 2399 906 omuia

251 920 532 981 homine
614 920 921 1000 respiciat
945 966 966 998 ‚

1065 921 1298 981 Matth-

256 1024 366 1066 20:
413 1007 512 1070 ιδ.
577 1004 915 1077 Quomodo
960 1004 1297 1084 dispensa-

256 1092 473 1149 tiones
504 1110 648 1149 suas
673 1097 984 1168 temperet
1004 1135 1023 1166 ,
1063 1089 1295 1150 matth.

258 1193 359 1235 ιιι
410 1176 515 1233 25.
599 1173 935 1245 Quomodo
980 1193 1099 1233 uos
1127 1194 1295 1255 ⁸cmi--

254 1258 520 1332 firmet,
590 1276 614 1315 ι
670 1257 821 1316 Cor.
870 1275 921 1317 1:
969 1260 1032 1316 8.
1114 1259 1290 1330 Quos

1363 940 1485 1001 per
1544 919 1876 1000 Angelos,
1927 922 2002 982 iu
2050 924 2240 985 Novo
2282 949 2398 1007 per

1367 1003 1694 1065 Christum
1745 1005 2026 1066 maxima
2048 1053 2070 1088 ,
2142 1011 2398 1074 minora

1360 1107 1480 1168 per
1524 1087 1808 1169 Angelos
1852 1092 2255 1172 exsequitur,
2303 1097 2399 1158 A·

1360 1191 1509 1252 poc.
1547 1174 1612 1232 52
1663 1192 1722 1232 2.
1809 1173 1997 1233 Ultra
2051 1176 2230 1239 vires
2275 1201 2401 1243 ne-

1360 1258 1599 1316 miuem
1633 1264 1876 1334 tentat,
1922 1277 1947 1318 ι
1981 1257 2136 1320 Cor.
2163 1281 2260 1323 io:
2293 1268 2393 1332 ιδ.

252 1363 374 1421 pro
401 1342 557 1402 filiis
579 1340 815 1400 habeat
835 1384 854 1416 ,
878 1340 1058 1399 Rom.
1082 1342 1288 1421 praes.
1318 1337 1494 1400 Deus
1524 1342 1924 1422 conspicitur
1945 1343 2016 1403 in
2051 1366 2092 1404 o
2173 1347 2389 1427 ribus,

255 1426 432 1497 Quot
456 1425 662 1485 modis
684 1426 1081 1484 voluntatem
1108 1446 1288 1487 suam
1356 1434 1424 1483 et
1487 1425 1889 1506 apertissime
1953 1428 2028 1489 iu
2090 1366 2259 1491 gli„
2281 1475 2303 1508 ,
2354 1453 2384 1495 ι

251 1510 604 1590 patefaciat
626 1508 994 1569 hominibus
1009 1553 1028 1581 ,
1060 1508 1288 1570 matth.

1356 1507 1533 1569 Tim.
1571 1529 1624 1569 ιε
1670 1530 1767 1590 ¹7·
1835 1512 1970 1570 Cur
2005 1512 2389 1578 clementem

255 1613 315 1654 ιε
382 1614 486 1654 2ο.
591 1592 917 1673 Repensat
984 1594 1155 1652 bona
1221 1604 1289 1654 et
1353 1601 1421 1652 et
1465 1594 1824 1653 beneficum
1851 1617 1920 1655 se
1946 1598 2248 1659 ostendat
2271 1621 2391 1679 per

255 1679 429 1737 mala
492 1677 714 1751 facta,
794 1675 993 1736 Hebr.
1065 1696 1160 1738 11:
1222 1693 1287 1750 4.

257 1761 530 1823 Rimulis
561 1760 942 1842 quibusdam
986 1775 1286 1839 penetra·

248 1866 327 1906 re
370 1847 537 1906 solet
597 1846 668 1905 iu
714 1846 894 1905 aulas
941 1847 1070 1904 sibi
1117 1848 1286 1906 alio-

218 1929 429 2008 quin„
491 1930 766 1989 nimium
866 1930 1279 2008 praeclusas,

257 2014 418 2074 Luc.
456 2017 520 2075 8:
567 2017 629 2076 3.
713 2014 921 2091 Saepe
980 2033 1060 2073 ea
1112 2015 1282 2074 mala

257 2117 377 2158 cur
430 2098 762 2180 permittat
826 2098 910 2157 ad
951 2117 1115 2178 quae
1162 2097 1280 2158 bo·

253 2182 461 2242 mines
503 2203 618 2243 sua
658 2191 886 2262 sponte
934 2182 1234 2243 seruntur
1256 2228 1277 2258 ,

252 2266 485 2328 matth.
518 2279 617 2337 24:
654 2267 718 2327 6.
760 2266 1100 2326 Scrutatur
1133 2287 1275 2326 cor-

256 2350 427 2410 dium
470 2351 644 2410 solus
685 2359 824 2427 est,
868 2350 1076 2412 Mare·
1111 2372 1168 2411 ἰτ
1196 2370 1228 2429 7
1255 2395 1272 2424 2

254 2433 408 2496 Luc.
479 2434 575 2495 16:
652 2438 772 2510 15,
840 2435 987 2495 Act.
1058 2455 1112 2495 ιε
1176 2449 1278 2506 24.

247 2519 516 2600 Semper
560 2539 700 2581 cum
745 2518 973 2594 vivat,
1002 2540 1275 2599 ·semper

248 2606 443 2664 etiam
484 2625 721 2684 poenas
757 2624 1009 2664 sumere
1032 2613 1272 2683 potest,

249 2683 449 2750 Hebr.
487 2692 547 2750 δε
590 2708 687 2749 ι2.
731 2688 994 2768 Semper
1030 2696 1098 2747 et
1132 2690 1273 2748 ubi·

246 2793 369 2854 que
417 2772 595 2833 adest
632 2772 758 2852 piis
785 2817 804 2848 ,
860 2774 1008 2834 Act.
1044 2793 1102 2849 7:
1152 2792 1269 2853 29,

255 2876 350 2937 17:
404 2877 518 2938 ιγ,
564 2857 693 2921 Iac.
744 2876 798 2919 ιε
847 2877 947 2937 ¹7·
1010 2856 1273 2936 Semper

252 2950 595 3021 operatur,
663 2939 808 3003 loh.
870 2944 935 3004 5:
1005 2957 1103 3020 ιγ.
1187 2942 1269 3002 Se

248 3026 592 3107 diligentes
658 3046 794 3086 nou
858 3034 1072 3106 potest
1138 3046 1271 3085 non

246 3131 488 3172 summe
530 3110 800 3192 diligere
821 3155 842 3188 ,
875 3107 1059 3170 Rom.
1081 3111 1141 3169 8:
1172 3112 1271 3170 28.

249 3192 555 3273 Spiritum
601 3216 780 3255 suum
827 3194 939 3255 dat
965 3237 986 3270 ,
1052 3201 1126 3251 ut
1164 3213 1272 3252 ar-

245 3278 598 3340 rhabonem
633 3281 811 3341 vitae
838 3287 1139 3339 aeternae
1168 3297 1269 3338 se·-

253 3373 550 3439 cutm-ae,
597 3363 782 3423 Rom.
826 3367 887 3425 82
940 3381 1037 3424 ιι.
1120 3361 1265 3442 Spi-

248 3449 382 3506 ritu
421 3470 533 3508 suo
577 3449 741 3507 facit
765 3493 784 3523 ,
848 3447 1019 3528 quod
1058 3445 1267 3506 homi-

245 3553 357 3591 nes
380 3535 595 3594 verbis
620 3542 687 3593 et
706 3532 1019 3612 exemplis
1034 3577 1053 3606 ,
1082 3531 1267 3590 Rom.

254 3617 342 3678 16:
390 3620 489 3679 25.
575 3617 810 3678 Statim
861 3617 1160 3693 exaudit,
1202 3625 1266 3676 at

244 3721 370 3761 non
408 3702 621 3761 statim
662 3702 804 3774 dat,
859 3721 879 3761 1
914 3699 1054 3761 Ioh.
1077 3703 1138 3762 5:
1169 3702 1265 3761 15.

244 3784 369 3845 Sub
413 3807 539 3863 qua
580 3785 953 3846 conditione
983 3784 1263 3844 orandus

241 3870 367 3944 sit,
417 3870 601 3930 Rom.
658 3892 712 3932 ιτ
762 3890 856 3929 ιο.
940 3869 1261 3930 Summum

242 3955 472 4014 bonum
521 3962 865 4034 praecepta
910 3974 1025 4027 sua
1087 3975 1257 4033 sper·

236 4039 538 4098 uentibus
566 4061 697 4100 non
720 4040 862 4110 dat,
887 4037 1144 4098 Rom-8:
1170 4041 1263 4099 ιδ.

238 4123 637 4184 'surditatem
697 4121 998 4202 supplicii
1043 4122 1265 4203 gravi-

237 4215 368 4267 tate
454 4214 829 4288 compensat
856 4249 873 4279 ,
970 4216 1036 4267 et
1101 4225 1261 4281 cur,

237 4291 468 4351 Manli.
512 4297 612 4355 23:
664 4295 766 4353 32.
838 4289 1263 4371 Temporibus

214 4377 503 4435 ‘ultionis
553 4375 1029 4456 puniendorum·
1086 4389 1264 4434 meu-

237 4468 331 4518 tes
377 4473 729 4538 occaecat,
760 4458 1132 4530 matthat„
1168 4457 1265 4519 ιδ.

1353 1685 1423 1737 et
1466 1686 1727 1758 propter
1774 1677 2102 1739 Christum
2128 1725 2148 1754 ,
2217 1681 2389 1764 Eph.

1362 1778 1417 1820 ιε
1464 1761 1527 1820 6.
1596 1763 1730 1821 Cur
1777 1763 2032 1823 Iudaeis
2077 1767 2392 1846 permise-

1352 1845 1446 1903 rit
1506 1844 1585 1905 de
1656 1846 1920 1908 Christo
1988 1868 2177 1930 agere
2219 1871 2388 1931 quae

1355 1929 1651 2005 vellent,
1719 1932 1867 1989 Act.
1933 1950 1993 1992 22
2059 1936 2164 1999 23.
2251 1935 2387 1996 Cur

1354 2031 1589 2071 sanare
1671 2031 1807 2074 nou
1880 2015 2050 2074 velit
2115 2018 2244 2077 'nisi
2308 2021 2384 2079 iu

1355 2093 1688 2156 Christum
1747 2097 2086 2158 credentes
2109 2141 2132 2176 ,
2203 2100 2388 2163 Rom.

1348 2198 1414 2260 9:
1446 2198 1542 2261 ις.
1602 2182 1737 2240 Cur
1773 2182 2064 2242 voluerit
2104 2185 2388 2267 prophe-

1348 2264 1476 2325 tias
1521 2265 1778 2346 impleri
1821 2268 1894 2325 iu
1953 2266 2192 2327 Messia
2247 2284 2386 2329 ma·

1347 2349 1445 2428 gis
1506 2349 1588 2408 ad
1648 2351 1900 2429 verba,
1969 2350 2115 2412 Act.
2171 2371 2231 2414 2:
2278 2358 2383 2416 25.

1348 2432 1562 2493 Iesum
1620 2433 2069 2495 resuscitando
2124 2456 2164 2497 e
2207 2457 2386 2497 mor-

1345 2517 1477 2578 tuis
1519 2518 1893 2578 ·maximum
1946 2520 2087 2581 eius
2135 2520 2385 2585 doctri·

1345 2622 1471 2663 uae
1524 2602 1968 2664 testimouium
2029 2605 2333 2687 praebuit
2358 2651 2377 2682 ,

1345 2687 1493 2748 Act.
1566 2705 1662 2765 17:
1731 2690 1837 2753 δι.
1963 2687 2043 2749 Ιιι
2114 2687 2380 2751 Christo

1343 2771 1720 2832 aestimatus
1763 2780 1862 2832 est
1887 2772 2163 2854 triginta
2199 2775 2378 2836 siclis

1342 2875 1382 2914 a
1416 2855 1883 2932 Pontificibus,
1919 2855 2155 2918 Matth.
2187 2878 2289 2936 27²
2314 2879 2376 2940 9.

1341 2939 1421 3000 In
1467 2938 1731 2999 Christo
1774 2938 2063 3001 restituit
2117 2943 2376 3002 domum

1342 3024 1670 3098 Davidis,
1718 3023 1866 3083 Act.
1916 3028 2012 3085 15:
2068 3026 2168 3084 ιδ.
2252 3026 2376 3102 Per

1343 3107 1672 3167 Christum
1720 3107 2009 3167 ostendit
2046 3116 2116 3167 et
2145 3119 2379 3187 poten·

1337 3192 1496 3249 tiam
1542 3211 1718 3250 suam
1769 3190 1851 3250 ad
1883 3188 2182 3251 homines
2218 3209 2376 3251 cou-

1339 3277 1691 3335 vertendos
1748 3283 1813 3335 et
1857 3274 2238 3356 sapientiam
2268 3320 2286 3350 ,
2341 3295 2386 3336 ι·

1342 3359 1496 3419 Cor.
1545 3378 1600 3422 ιε
1649 3373 1750 3433 24.
1856 3359 1980 3421 Per
2044 3359 2371 3421 Christum

1335 3454 1572 3525 regnat
1655 3463 1947 3525 semper,
2038 3446 2128 3506 ibi
2207 3467 2371 3505 vero

1337 3529 1572 3589 eximie
1620 3530 1732 3587 ubi
1781 3529 1990 3589 libere
2034 3530 2375 3611 praedica·-

1336 3624 1444 3672 tur
1491 3613 1950 3693 Euangelium,
1994 3612 2136 3672 Col.
2157 3626 2219 3682 4:
2254 3629 2319 3670 ιι
2346 3657 2370 3690 ,

1338 3699 1545 3776 Apoc.
1612 3716 1706 3758 ιιε
1777 3699 1873 3757 15.
1961 3693 2367 3756 Per-‘Filium

1334 3783 1670 3853 noscitur,
1729 3779 1870 3840 loh.
1913 3781 1976 3840 5:
2027 3783 2131 3856 57.
2218 3777 2371 3839 Post

1338 3865 1666 3925 Christum
1736 3863 1998 3922 missum
2043 3862 2253 3921 noluit
2300 3884 2371 3922 a-

1288 3961 1289 3964 ’
1334 3951 1488 4008 liam
1535 3949 1759 4006 salutis
1800 3968 1937 4006 esse
1970 3946 2142 4006 viam
2178 3968 2367 4027 quam

1335 4049 1452 4115 per
1499 4032 1825 4092 Christum
1856 4077 1873 4106 ,
1924 4032 2072 4095 Act.
2126 4047 2366 4109 ¹1:14,

1337 4137 1374 4179 2
1416 4116 1555 4177 loh.
1598 4137 1660 4196 9.
1725 4115 2050 4195 Tempora
2089 4115 2367 4178 Messi-e
2481 4117 2484 4118 ⁷

1335 4204 1419 4262 ob
1465 4204 1691 4262 oculos
1754 4199 1982 4260 habuit
2023 4202 2102 4259 iu·
2157 4202 2368 4261 omni-

1336 4283 1454 4346 bus
1491 4285 1851 4346 actionibus
1887 4283 2089 4366 prisci
2131 4286 2362 4356 seculi,

1318 4391 1366 4432 ἰ
1397 4372 1722 4432 :Cor-‘iot
1773 4389 1870 4430 ιι.-
1945 4368 2362 4429 Voluntatem

1337 4473 1514 4516 suam
1573 4455 1768 4513 uobis
1816 4463 1978 4535 'pert
2034 4452 2363 4510 Christum

1572 4538 1618 4596 Ε
1651 4563 1686 4600 2
2238 4543 2366 4590 {e}-
