2779 5085
594 150 987 240 asssum
1082 197 1185 241 ω
1279 170 1935 245 VERBORUM.

209 360 241 407 1
332 336 593 407 Thess.
650 351 713 409 43
798 336 896 401 16.
1001 336 1269 419 Angelis
1309 333 1538 405 Anima
1575 337 1767 421 medo
1806 362 1928 423 pro
1957 343 2101 406 vit.
2120 388 2142 422 ‚
2180 348 2372 411 modo

202 425 431 495 tribui
466 423 667 487 solita
703 444 742 482 a
769 421 1083 485 Rabbinis
1119 442 1269 484 ver·
1344 441 1467 500 pro
1511 425 1784 503 spiritu,
1833 426 2061 488 nauh.
2107 450 2205 495 103
2251 437 2329 492 28
2351 477 2374 510 ,

204 514 312 574 ba
333 555 351 586 ,
378 528 542 589 quae
569 506 1025 573 verisimiliter
1051 507 1270 569 dicere
1352 523 1450 569 123
1482 526 1508 570 1
1527 526 1553 575 1
1573 554 1594 587 ,
1624 508 1724 579 263
1746 524 1824 582 41
1842 556 1860 586 ,
1889 533 1915 577 1
1943 513 2173 576 Thes..
2191 520 2251 577 52
2277 521 2380 579 23,

206 600 611 678 potuerant,
659 592 805 655 lud.
851 612 914 670 9.
1002 592 1268 673 Angelis
1350 592 1588 657 Anima
1629 615 1751 674 pro
1799 618 2106 675 persona,
2152 600 2384 663 Matth.

213 679 475 742 similes
514 678 655 741 sore
692 674 1031 754 homines,
1072 682 1273 758 Apoc.
1351 694 1449 740 10:
1500 681 1622 757 39,
1687 679 1831 740 loh.
1881 702 1976 747 12:
2025 687 2143 759 25,
2197 685 2383 745 Rom.

213 785 328 830 213
384 783 483 842 17.
573 761 857 842 Angelos
906 760 1142 823 flentes
1191 760 1270 821 ob
1346 779 1407 821 23
1455 781 1537 840 9,
1609 782 1635 826 1
1684 762 1858 825 Petr.
1905 771 1964 828 3:
2018 787 2137 842 29,
2187 777 2385 850 Apoc.

2287 203 2365 268 ¹5

208 857 561 930 peceatum
623 844 910 906 Hebraei
954 846 1274 908 inducunt

212 932 676 1005 Hebraeorum
720 929 1064 1011 magistri,
1114 930 1273 991 Luc.

220 1020 330 1082 15:
363 1039 425 1095 7.
473 1016 757 1095 Angelos
786 1016 1106 1079 maximos
1132 1015 1272 1074 Deo

215 1103 558 1165 adstantes
591 1099 794 1161 fuisse
831 1111 1120 1182 septem,
1157 1120 1271 1181 pu-

223 1196 387 1247 tant
443 1185 772 1262 Hebraei,
834 1190 1038 1267 Apoc.
1105 1205 1160 1249 1:
1209 1197 1272 1254 4.

229 1270 517 1351 Angelos
553 1270 764 1331 malos
794 1290 878 1333 ex
906 1271 1101 1331 bonis
1133 1288 1271 1330 sae-

229 1377 319 1438 pe
378 1355 585 1419 factos
648 1361 881 1435 putant
942 1353 1272 1427 Hebraei,

234 1439 382 1500 Gal.
413 1460 466 1506 1:
496 1442 560 1501 8.
616 1439 898 1520 Angelos
931 1439 1275 1500 nominare

232 1545 354 1585 eur
416 1523 704 1587 vetuerit
749 1524 1055 1605 Synodus
1105 1522 1272 1585 Lao-

231 1610 562 1685 dioensis,
593 1608 737 1671 col.
760 1630 817 1672 23
848 1613 947 1674 18.
989 1607 1275 1691 Angelos

228 1693 373 1754 nisi
445 1693 602 1774 ipsis
685 1704 1075 1776 apparentes
1139 1713 1274 1755 non

229 1777 725 1858 compellabant
792 1780 1061 1858 ludaei,
1132 1778 1276 1839 col.

235 1880 302 1924 23
381 1865 484 1926 18.
586 1863 871 1942 Angelos
939 1865 1015 1925 de
1080 1864 1279 1927 rebus

229 1945 1276 2095 sszffssrsfflzztsssssffig·

237 2136 516 2196 porum,
567 2120 765 2195 Apoc.
814 2137 911 2197 19:
967 2137 1066 2183 10.
1142 2123 1269 2180 An-

239 2200 423 2281 gelos
453 2200 771 2280 proficere
800 2223 915 2283 per
943 2202 1275 2277 homines,

241 2305 273 2348 1
331 2282 504 2344 Petr-
554 2306 608 2349 1:
663 2305 760 2350 12.
845 2289 1130 2369 Angelos
1175 2288 1274 2348 vi—

237 2370 393 2428 dere
423 2371 796 2432 metuebant
816 2373 913 2454 pii
935 2370 1234 2435 homines
1255 2417 1274 2448 ‚

242 2454 403 2532 Luo.
442 2458 507 2516 63
556 2457 622 2515 8.

197 2538 441 2619 Anguli
504 2562 668 2604 voce
733 2549 1058 2614 vocantur
1120 2540 1272 2603 Hel-

234 2625 500 2685 lenistis
591 2626 919 2688 Primores
1003 2627 1274 2710 populi,

241 2709 474 2775 matth.
502 2729 600 2774 213
628 2724 735 2782 42.
783 2713 1060 2794 Angelis
1090 2733 1273 2791 prae-

236 2796 430 2873 cipua
472 2796 575 2855 vis
622 2805 759 2871 est,
802 2819 931 2877 qua
977 2798 1278 2858 aedilicia

237 2878 686 2956 sustinentur,
735 2880 904 2962 Eph.
945 2904 1003 2944 23
1051 2901 1153 2943 20.

199 2963 546 3044 Angustias
611 2987 731 3045 pro
775 2967 1040 3036 miseria
1083 2966 1271 3026 etiam

233 3046 463 3110 Lat-ini
529 3050 802 3125 dieunt,
866 3050 1052 3113 Rom.
1107 3070 1166 3112 23
1214 3072 1253 3131 9

229 3138 563 3214 Angustus
629 3135 925 3206 iustitiae
985 3145 1227 3197 trames
1253 3180 1274 3213 ,

237 3239 265 3282 1
316 3219 476 3280 Cer.
527 3239 580 3283 13
628 3219 731 3282 26.
938 3253 943 3258 ·

194 3303 528 3366 Animalia
557 3312 740 3366 nuta
770 3305 1113 3367 meliorem
1143 3315 1270 3366 sta-

227 3398 367 3448 tum
390 3398 543 3469 post
566 3388 1125 3461 resurmetionem
1161 3391 1274 3452 ad-

231 3482 503 3554 eeptuta
534 3474 920 3540 existimant
947 3473 1233 3538 Rabhini
1257 3523 1274 3554 ,

232 3556 423 3619 Rom.
443 3561 504 3629 83
531 3579 636 3623 21.
683 3561 1010 3630 Animalia
1032 3561 1274 3632 manda

228 3651 302 3702 ,et
357 3642 735 3722 immunda,
798 3649 946 3710 Aet.
1013 3663 1109 3710 103
1168 3666 1272 3710 12.

233 3728 571 3790 Animalia
655 3740 934 3809 quatuor
959 3774 978 3806 ,
1074 3736 1272 3812 Apon-

228 3812 415 3889 4:ss‚
468 3827 566 3885 143
617 3818 694 3891 3,
747 3820 841 3884 15:
886 3837 945 3894 7.
1011 3817 1269 3876 Anima·

229 3898 407 3958 libus
434 3899 787 3959 immundis
817 3901 1275 3981 significantur

232 3981 539 4050 homines?
579 3985 803 4065 impii,
853 3993 993 4047 Act.
1035 4005 1130 4050 10:
1181 3988 1276 4050 15.

235 4066 634 4132 Animalium
711 4080 811 4130 est
887 4072 1116 4132 vivere
1195 4070 1274 4129 ad

176 4153 182 4157 ”
237 4161 534 4232 tempus,
583 4174 611 4218 1
655 4154 807 4214 Gor.
838 4158 937 4220 15:
965 4158 1070 4226 45.
1121 4156 1272 4217 Ani-

239 4237 510 4298 malium
549 4259 689 4298 esus
715 4239 1101 4308 indifferens
1120 4284 1138 4316 ,
1166 4241 1273 4301 ab·

242 4321 558 4383 atinentia
599 4325 843 4384 rationi
885 4325 1090 4406 magis
1127 4345 1279 4386 con-

244 4406 523 4469 veniens
539 4453 561 4487 ‚
610 4409 798 4474 Rom.
852 4425 946 4483 14:
999 4429 1060 4470 2.

1353 866 1449 910 123
1498 865 1597 914 11.
1664 846 1790 907 Pro
1832 852 2130 930 appetitu
2167 875 2384 917 rerum

1343 940 1798 1010 terrenarum,
1865 934 2065 998 llebr.
2126 951 2189 1008 43
2261 958 2382 1014 12,

1344 1016 1668 1093 quamodo
1767 1020 1987 1099 perire
2077 1020 2382 1098 dicatur,

1348 1098 1582 1163 Matth.
1644 1119 1740 1165 103
1800 1106 1904 1167 28.
1997 1106 2228 1167 Anima
2286 1116 2387 1167 est

1346 1204 1484 1249 vox
1552 1184 1741 1251 huius
1809 1188 2035 1266 vitae,
2111 1192 2384 1252 alterius

1346 1288 1481 1337 non
1503 1269 1636 1329 nisi
1658 1271 2048 1354 improprie,
2069 1294 2095 1338 1
2120 1275 2382 1342 Cor-16.

1353 1354 1587 1413 Anima
1636 1354 1882 1416 Christi
1927 1361 2250 1438 quomodo
2308 1362 2382 1423 in

1345 1437 1612 1498 inferno
1658 1440 1861 1503 fuisse
1900 1442 2194 1522 dicatur,
2226 1445 2385 1511 Luc.

1349 1526 1449 1584 23:
1496 1526 1604 1594 43.
1697 1527 1927 1589 Anima
2000 1549 2135 1589 non
2201 1531 2388 1592 lava-

1345 1607 1528 1667 tione
1594 1610 1708 1670 sed
1768 1614 2191 1692 responsione
2235 1636 2388 1674 sau-

1349 1692 1553 1769 citnr,
1602 1713 1630 1758 1
1672 1696 1845 1757 Petr.
1880 1700 1938 1760 3:
1979 1717 2082 1762 21.
2148 1698 2387 1761 Anima

1348 1778 1531 1843 nulla
1596 1778 1739 1840 sine
1806 1781 2124 1860 crimine,
2198 1782 2386 1849 Rom.

1355 1882 1410 1926 1:
1466 1866 1565 1929 18.
1653 1865 1919 1928 Animae
1977 1876 2044 1929 et
2089 1869 2382 1949 eorporis

1352 1966 1546 2005 causa
1624 1968 1742 2026 par
1818 1959 1918 2011 est
1989 1953 2072 2012 in
2129 1953 2387 2013 ratione

1351 2050 1687 2090 sacrorum
1714 2074 1733 2105 ,
1814 2033 2048 2099 Matth,
2110 2037 2213 2097 263
2286 2038 2391 2096 26.

1353 2113 1626 2181 Animae
1682 2116 1887 2181 festus
1947 2118 2130 2193 dies,
2189 2118 2391 2179 Hebr-

1348 2213 1414 2272 4:
1451 2219 1547 2264 10.
1594 2201 1866 2263 Animae
1894 2201 1965 2265 in
1993 2210 2204 2263 terras
2242 2222 2390 2261 cur-

1351 2306 1475 2349 vae
1523 2287 1784 2364 studia,
1855 2286 2087 2349 matth.
2128 2301 2230 2359 243
2282 2291 2386 2353 38.

1358 2370 1626 2431 Animae
1691 2372 2187 2449 immortalitas,
2232 2373 2388 2439 vide

1353 2456 1814 2521 Immortalitas
1850 2457 2235 2519 animarum.
2303 2465 2391 2518 A-

1348 2540 1572 2604 nimae
1603 2541 1902 2614 lucidnm,
1919 2564 2147 2624 corpus
2173 2540 2390 2603 videri

1351 2649 1570 2709 posse,
1605 2627 1825 2693 ludaei
1859 2637 1925 2688 et
1953 2627 2391 2710 Pythagoraei

1354 2714 1821 2788 crediderunt,
1893 2712 2124 2776 Matth.
2176 2716 2275 2774 283
2327 2734 2391 2795 9.

1357 2797 2388 2872 Animaesanitas,Manli-26:41.

1356 2885 1628 2944 Animae
1670 2883 2010 2962 impiorum
2048 2905 2206 2963 quas
2233 2906 2392 2961 poe-

1353 2989 1471 3028 nas
1519 2968 1935 3041 sustineant,
1993 2967 2393 3030 dissentiunt

1353 3051 1674 3127 Hebraei,
1699 3048 1930 3110 Matth.
1956 3070 2054 3114 103
2079 3054 2182 3113 28.
2227 3053 2392 3111 Ani-

1351 3157 1492 3203 mae
1551 3135 1911 3196 translatae
1975 3135 2094 3194 sub
2155 3133 2386 3196 solium

1353 3220 1645 3301 gloriae,
1694 3227 1892 3298 Apoc.
1938 3234 2039 3279 203
2086 3230 2149 3289 4.
2228 3219 2390 3281 Ani-

1352 3327 1490 3368 mae
1513 3306 1775 3386 ,quando
1800 3302 2028 3365 vivere
2054 3304 2387 3383 dicantur,

1357 3394 1554 3471 Apoe.
1593 3410 1691 3451 203
1720 3403 1784 3460 4.
1853 3389 2149 3451 Animam
2186 3413 2390 3471 pone-

1350 3498 1468 3551 -re,
1532 3497 1651 3556 pro
1698 3483 1973 3542 mortem
2018 3495 2153 3536 non
2199 3476 2390 3542 defu-

1352 3582 1547 3643 gere,
1596 3558 1737 3621 loh.
1788 3579 1883 3624 103
1938 3580 2037 3638 11.
2117 3559 2388 3621 Anima·
2443 3575 2446 3586 ‘

1351 3667 1494 3706 rum
1544 3646 1919 3708 alimentum
1944 3689 1964 3719 ,
2012 3643 2153 3705 loh.
2195 3642 2254 3702 63
2285 3642 2389 3702 26.

1354 3730 1733 3794 Animarum
1817 3728 2004 3808 prior
2086 3727 2386 3787 coelestis

1350 3817 1536 3888 vita,
1588 3814 1786 3873 Hebr.
1830 3832 1927 3875 113
1977 3814 2077 3875 13.
2123 3813 2390 3874 Anima-

1350 3921 1492 3961 rum
1535 3908 1740 3958 status
1776 3904 1924 3977 post
1946 3893 2116 3957 hanc
2140 3897 2344 3959 vitam
2367 3943 2387 3975 ,

1353 3984 1556 4044 Hebr.
1597 3995 1658 4052 4:
1698 4003 1760 4062 9.
1808 3982 2069 4043 Animas
2119 3983 2393 4043 defunc-

1353 4079 1569 4129 torum
1609 4068 1680 4125 in
1730 4065 1859 4127 alia
1894 4088 2172 4148 corpora
2204 4076 2393 4128 tran-

1355 4153 1482 4215 sire
1532 4152 1894 4218 docuerunt
1952 4161 2103 4212 ante
2152 4151 2396 4233 Pytha-

1354 4259 1576 4321 goram
1603 4235 1919 4314 Hebraei,
1950 4236 2183 4300 Matth.
2214 4252 2308 4309 143
2328 4258 2390 4313 2,

1358 4328 1457 4385 283
1503 4345 1584 4403 9,
1629 4320 1769 4384 1011.
1809 4343 1869 4403 9:
1901 4340 1961 4382 2.
2006 4323 2278 4385 Animas
2321 4324 2394 4381 in

1355 4420 1596 4470 terram
1666 4428 1902 4468 curvas
1971 4423 2197 4486 gerere
2257 4428 2393 4465 non

2198 4512 2396 4570 opor·-
