2779 5085
714 205 1105 270 nanu-u
1194 229 1290 271 ω
1378 205 2041 278 vssnssoauu.
2355 226 2478 307 165

341 389 395 430 1:
439 389 503 450 9.
568 367 760 428 Intra
797 364 1072 446 primum
1109 362 1766 448 imperiiNicolaitae
1826 373 2001 435 unde
2058 373 2264 455 dicti,
2323 380 2475 445 Act.

329 453 431 512 sui
488 451 1002 533 quinquennium
1058 451 1366 531 probabi-
1439 451 1502 511 6:
1550 454 1616 514 5.
1700 453 1945 517 Eorum
2005 460 2145 520 vita
2199 471 2267 522 et
2312 465 2476 547 dog..

328 538 457 597 lem
534 538 666 617 egit
731 536 1147 615 Principem·,
1216 536 1365 596 Act.
1437 544 1656 613 mata,
1722 537 1955 602 Matth.
1998 556 2100 614 24:
2153 565 2271 625 ιι,
2319 549 2473 612 Act.

324 624 431 681 28:
477 624 581 682 31.
614 672 617 675 ,
645 619 777 678 Uni
816 618 1160 701 virginum
1201 619 1362 680 Ves-
1438 613 1540 680 20:
1587 625 1714 697 30,
1763 622 1967 703 Apoc.
2012 646 2071 688 2:
2118 629 2180 688 6.

324 704 555 764 talium
574 703 711 766 vim
728 703 987 777 intulit,
1015 704 1278 767 Roma:
1308 725 1363 765 1.
1398 702 1731 785 Nicopolis
1778 707 1964 788 Epiri
2009 713 2182 773 unde
2228 735 2469 779 nomen

304 788 583 851 'Primus
640 789 1073 849 Romanorum
1123 789 1355 849 Caesa·
1433 787 1703 867 habeat,
1733 791 1864 851 Tit.
1891 813 1946 854 ι.
1988 795 2065 854 In
2094 817 2169 856 ea
2191 797 2469 862 Paulum

322 894 465 935 rum
525 882 752 933 auctor
794 883 1100 933 cruentae
1145 894 1357 953 perse-
1432 872 1634 933 fuisse
1708 877 1923 939 medio
1993 879 2113 940 illo
2182 892 2467 964 tempore

325 958 608 1018 cationis
646 967 877 1017 contra
913 958 1356 1033 christinam,
1430 957 1606 1017 inter
1657 958 1793 1018 eius
1847 962 2186 1039 vincturas
2230 978 2469 1048 putant

322 1042 560 1102 Matth.
625 1054 726 1112 24:
798 1062 862 1122 9.
948 1041 1356 1102 Christianos
1430 1041 1735 1122 quidam,
1783 1045 1918 1105 Tit.
1964 1051 2021 1109 3:
2077 1069 2174 1109 12.

270 1168 273 1171 >
324 1148 472 1188 reos
510 1127 731 1186 subdit
760 1126 942 1186 urbis
975 1147 1102 1186 ase
1129 1127 1351 1185 incen-
1392 1124 1590 1205 Niger
1648 1129 1838 1206 quale
1900 1152 2138 1192 nomen
2159 1178 2180 1211 ,
2245 1142 2311 1195 et
2352 1138 2466 1217 qui

324 1232 433 1271 sae
455 1210 735 1288 rumori,
761 1210 923 1270 ibid.
985 1210 1261 1270 Neronis
1284 1211 1355 1270 in
1429 1211 1524 1267 ita
1564 1213 1917 1291 appellati,
1963 1215 2107 1276 Act.
2155 1223 2249 1280 13:
2300 1238 2357 1281 1.

323 1294 680 1356 Thraseam
735 1295 1126 1354 contumelia
1171 1316 1350 1374 prae·
1388 1291 1599 1353 Nihili
1662 1296 1956 1359 homines
2018 1299 2278 1380 quinam
2342 1324 2468 1364 vo-

321 1381 556 1442 nuntia
618 1379 838 1439 caedis
903 1379 1351 1455 imminentis,
1428 1387 1709 1456 centur,
1774 1381 1932 1442 Luc.
2000 1388 2098 1446 15:
2175 1390 2273 1448 13.
2357 1386 2461 1449 Ex

320 1462 508 1524 Rom.
539 1486 592 1524 ιε
622 1467 724 1526 30.
787 1462 974 1523 Risus
1014 1473 1080 1524 et
1113 1464 1348 1523 dictum
1425 1462 1640 1522 nihilo
1682 1466 1859 1525 Deus
1894 1470 2115 1528 omnia
2149 1472 2462 1550 produxit

318 1550 454 1609 eius
497 1569 638 1608 cum
668 1567 992 1607 venenum
1027 1549 1217 1628 coqui
1252 1549 1348 1607 iu·
1425 1567 1539 1624 per
1579 1547 1907 1626 Verbum,
1953 1552 2094 1613 Ioh.
2144 1575 2197 1616 1:
2251 1559 2311 1618 3.

234 1654 241 1659 “
320 1634 544 1709 beret,
591 1631 775 1692 Rom.
822 1650 881 1693 2:
939 1650 994 1690 1.
1078 1634 1158 1693 In
1213 1633 1348 1692 eius
1384 1628 1719 1693 Nini-vitae
1782 1644 1976 1695 testes
2023 1637 2269 1717 futuri,
2317 1638 2462 1702 Ioh.

319 1720 468 1777 aula
524 1738 657 1777 non
715 1716 1064 1778 defuerunt
1123 1716 1345 1776 Chris·
1430 1734 1524 1776 12:
1552 1718 1657 1787 48.
1723 1716 2061 1789 Ninivitae
2100 1731 2167 1781 et
2210 1723 2460 1804 Regina

316 1803 624 1861 tianismo
647 1800 941 1862 faventes
967 1845 986 1876 ,
1017 1800 1177 1861 Luc.
1201 1805 1259 1863 8:
1291 1806 1349 1863 3.
1424 1799 1597 1859 Saba
1664 1802 2066 1864 damnabunt
2131 1807 2405 1868 Iudaeos
2432 1854 2454 1887 ,

316 1887 445 1947 1110
484 1887 848 1966 imperante
885 1885 1095 1945 factos
1131 1894 1346 1946 terrae
1425 1883 1611 1944 Rom.
1679 1905 1738 1949 2:
1810 1907 1912 1964 27.
2023 1889 2456 1953 Niniviticum

224 2010 240 2035 κ
314 1981 524 2030 motus
566 1991 724 2049 quos
756 1971 1085 2051 praedixit
1120 1970 1343 2032 Chris·
1419 1969 1729 2028 ieiunium
1754 2015 1773 2046 ,
1822 1971 2052 2032 Matth.
2092 1989 2155 2046 4:
2203 1995 2265 2036 2.

312 2065 451 2131 tus,
497 2054 732 2117 Matth.
770 2069 868 2125 24:
910 2074 971 2133 7.
1381 2052 1584 2115 Nisan
1621 2055 1906 2133 mensis,
1950 2059 2111 2118 anni
2150 2060 2456 2136 initium,

272 2139 539 2202 Nescire
582 2139 897 2199 Hebraeis
940 2138 1182 2199 dicitur
1225 2139 1341 2199 ali·
1418 2137 1563 2198 Ioh.
1628 2152 1689 2210 4:
1761 2143 1864 2201 35.
1972 2140 2125 2202 Eius
2198 2145 2455 2205 decimo

313 2225 450 2304 quis
495 2225 668 2305 quod
715 2245 850 2284 non
891 2232 1114 2298 curat,
1160 2224 1344 2284 Rom.
1416 2231 1643 2303 quarto
1709 2224 1814 2284 die
1874 2227 2282 2288 mactabatur
2329 2228 2461 2288 Pa-

313 2314 372 2371 3:
426 2330 521 2387 17.
599 2307 870 2369 Nescire
913 2309 1160 2385 Deum,
1200 2308 1343 2370 Ioh.
1417 2306 1578 2367 scha
1601 2353 1622 2386 ,
1681 2317 1747 2369 et
1792 2308 2184 2389 Azymorum
2217 2313 2458 2375 :obser-

312 2414 371 2460 7:
421 2397 525 2455 28.
1415 2393 1597 2453 vatio
1632 2393 2024 2475 incipiebat,
2069 2397 2304 2458 Matth.
2344 2396 2452 2460 26:

270 2476 642 2539 Nestoriani
693 2476 864 2536 falso
909 2476 1190 2534 accusati
1239 2476 1338 2535 in-
1423 2480 1520 2537 15.

306 2565 611 2644 terpolati
629 2572 844 2623 textus
866 2562 1117 2638 Graeci,
1142 2560 1340 2621 Hebr.
1374 2560 1504 2621 Nix
1542 2569 1608 2621 et
1639 2560 1794 2622 lana
1820 2563 1969 2623 alba
1991 2567 2147 2647 quid
2173 2569 2451 2648 mystice

316 2665 370 2710 2:
418 2669 481 2728 9,
1414 2646 1818 2726 significent,
1842 2650 2041 2729 Apoc.
2068 2665 2246 2724 1:14.
2292 2652 2453 2714 Nivi

269 2732 542 2794 Nicaeae
567 2751 860 2812 maguam
881 2737 1129 2810 partem
1150 2751 1331 2790 ever·
1415 2742 1826 2808 comparatur
1856 2754 2135 2796 summus
2164 2739 2449 2815 candor,

309 2819 391 2879 tit
446 2825 660 2877 terrae
720 2823 926 2875 motus
991 2835 1131 2872 cum
1182 2815 1337 2874 solis
1415 2814 1648 2874 Matth.
1693 2819 1792 2877 28:
1842 2821 1906 2880 3.

309 2902 763 2962 obscuratione
810 2899 1024 2959 factus
1076 2899 1336 2958 Christo
1374 2899 1693 2959 Nobilitas
1742 2902 1999 2979 generis
2044 2924 2125 2963 ex
2218 2905 2452 2980 artici-

305 2989 590 3060 patiente
618 3031 635 3059 ,
681 2982 915 3045 Matth.
961 3002 1061 3057 27:
1107 2987 1213 3053 45.
1409 2983 1669 3062 patione
1696 2985 2138 3046 sacerdotalis
2173 2928 2446 3050 honoris

234 3121 237 3124 ,
270 3068 539 3131 Nicaeni
569 3069 853 3131 Concilii
892 3068 971 3127 de
1007 3067 1207 3147 lapsis
1236 3068 1335 3126 iu·
1412 3069 1806 3145 probabatur
1885 3072 2054 3151 a‘pud
2122 3071 2393 3133 Iudaeos
2421 3118 2444 3150 ,

308 3156 588 3229 dicium,
640 3154 839 3214 Hebr.
881 3152 939 3212 6:
986 3151 1048 3209 6.
1412 3152 1572 3212 Luc.
1620 3172 1674 3213 1:
1721 3154 1784 3212 5.

267 3236 656 3299 Nicodemus
705 3239 982 3299 Senator
1024 3235 1153 3294 fuit
1197 3247 1333 3294 cum
1371 3235 1622 3296 Nocere
1684 3236 1949 3296 student
2007 3237 2120 3317 qui
2179 3258 2245 3298 se
2294 3239 2445 3300 aliis

302 3325 580 3404 imperio
645 3332 711 3383 et
765 3320 1074 3403 puniendi
1126 3330 1335 3400 potes·-
1409 3331 1781 3401 opponunt,
1812 3322 2029 3383 Iac.5:
2060 3322 2120 3382 6.
2187 3320 2446 3386 Nocens

303 3417 434 3468 tate
458 3454 476 3483 ,
514 3407 785 3468 philem.
825 3410 923 3468 15.
990 3404 1144 3464 Eius
1178 3426 1333 3485 opu·
1410 3427 1477 3465 se
1540 3406 1804 3465 damnat
1861 3407 1983 3467 illo
2045 3429 2188 3487 quo·
2216 3417 2448 3491 peccat

302 3494 546 3570 lentia,
595 3491 738 3552 Ioh.
788 3512 883 3572 19:
932 3492 1035 3569 39.
1412 3490 1555 3567 die,
1607 3510 1634 3552 1
1685 3490 1827 3551 Ioh.
1872 3495 1929 3553 3:
1979 3511 2083 3552 20.

264 3575 572 3638 Nicolaus
599 3579 931 3636 Diaconus
970 3573 1334 3654 zelotypiae
1369 3573 1506 3635 Noe
1576 3576 1898 3655 Abydeno
1970 3577 2210 3636 dicitur
2280 3575 2448 3635 Sisi-

301 3671 660 3738 accusatus,
680 3663 981 3740 exemplo
1007 3657 1331 3717 Laconum
1406 3658 1632 3737 thrus,
1680 3659 1916 3721 Matth.
1963 3673 2063 3731 24:
2113 3665 2215 3740 39.
2283 3660 2448 3719 Gra-

300 3755 365 3805 et
446 3746 714 3807 Catonis
741 3792 760 3823 ,
839 3765 1024 3804 usum
1103 3744 1332 3802 uxoris
1406 3745 1563 3802 tiam
1599 3744 1771 3824 apud
1801 3746 2007 3805 Deum
2034 3743 2298 3804 invenit
2320 3765 2448 3804 -an-

301 3850 453 3891 suae
492 3832 635 3890 aliis
680 3830 1047 3912 permisisse
1083 3827 1329 3899 fertur,
1407 3838 1662 3907 tequam
1690 3828 1935 3907 aliquid
1959 3829 2117 3887 boni
2140 3828 2443 3906 fecisset,

303 3919 503 3996 Apoc.
527 3936 595 3977 2:
615 3915 676 3975 6.
746 3914 967 3976 Falsus
1007 3911 1331 3994 Propheta
1408 3911 1591 3971 Rom.
1617 3916 1675 3973 3:
1706 3932 1778 3990 27
1801 3959 1822 3990 ,
1850 3912 2049 3972 Hebr.
2070 3933 2129 3991 7:
2154 3916 2228 3988 3,
2260 3931 2353 3974 10:
2379 3935 2442 3993 7.

302 4000 584 4076 dicitur,
634 3999 869 4062 Matth.
916 4019 973 4076 7:
1034 3995 1128 4056 16.
1219 3995 1326 4056 Ni-
1407 3997 1652 4056 Praeco
1682 3997 2007 4073 iustitiae,
2035 4005 2100 4057 et
2133 3997 2441 4058 mundum

300 4085 469 4144 colai
531 4105 767 4145 nomen
828 4083 936 4162 qui
993 4080 1163 4139 falso
1211 4082 1326 4140 ob·
1368 4110 1371 4114 ·
1408 4082 1746 4141 damnasse
1769 4102 1882 4141 cur
1903 4082 2443 4157 dicatur,2Petr.

296 4169 839 4249 tenderunt,eius
860 4167 1063 4228 verba
1088 4167 1160 4222 in
1182 4186 1325 4244 pra·
1406 4187 1464 4227 2:
1506 4168 1571 4225 5.
1637 4165 1815 4226 Noae
1861 4167 2264 4245 praedicatio
2307 4189 2443 4228 non

268 4274 446 4320 ,vum
513 4255 970 4326 detorserunt,
1036 4252 1179 4311 Act.
1227 4269 1325 4310 20:
1404 4260 1535 4310 tam
1581 4251 1812 4310 efficax
1858 4271 2042 4329 quam
2093 4253 2464 4333 Apostolo-.

294 4342 415 4414 30,
459 4352 563 4409 42.
1405 4356 1592 4410 rum,
1660 4355 1690 4394 ³1
1762 4335 1935 4397 Petr.
1985 4339 2041 4397 3:
2100 4356 2194 4417 19.
2282 4336 2440 4396 Eius

1407 4419 1723 4489 diluvium
1809 4418 2181 4483 universale
2267 4421 2393 4479 suit
2420 4465 2439 4493 ,

1499 4504 1549 4563 L
1582 4508 1618 4565 3
2209 4503 2442 4564 Matth.
