2779 5085
344 238 472 318 248
797 222 805 232 ’
1170 206 1703 294 inni-ix

385 386 708 455 Univirae
745 390 949 453 solam
987 387 1072 450 ad
1102 408 1286 450 sacra
1307 385 1421 448 ad·
1453 386 1852 451 Vindicandi
1881 387 2072 450 verbi
2099 386 2524 470 significatio,

380 475 815 541 mittebantur
860 474 1032 557 apud
1076 474 1312 535 Gentes
1358 482 1423 533 et
1499 473 1658 533 Luc.
1708 476 1803 535 181
1850 478 1913 535 3.
2082 496 2087 499 Α

387 561 842 637 Christianos,
899 558 1067 620 ibid.
1111 581 1173 641 9.
1258 557 1417 617 Uni·
1458 556 1941 618 vindicationis
1972 557 2486 635 definitio,ibid.

388 648 557 708 viris
604 645 778 705 inter
820 644 1138 705 foeminas
1180 642 1422 722 primus
1462 642 1772 702 Vindicta
1802 663 1917 703 cur
1940 643 2262 724 plerisque
2285 642 2526 703 bonum

386 733 460 793 in
525 729 818 791 Ecclesia
853 729 1054 787 ‘locus
1109 727 1422 801 dabatur,
1497 727 1754 787 dicatur
1791 726 1933 787 vita
1967 726 2313 788 iucundius
2347 727 2525 807 ipsa,

386 817 529 879 Iac.
567 812 629 875 21
675 817 736 877 3.
797 812 1053 873 Viduae
1094 810 1424 891 Magistris
1499 809 1732 872 Matth.
1757 804 1820 873 51
1856 813 1960 873 38.
2024 809 2372 871 Vindictae
2410 811 2555 871 Di:

386 897 759 961 necessaria
787 896 1295 977 suppeditabant
1321 894 1418 954 in·
1496 895 1693 956 vinae
1760 895 2087 977 certitudo
2149 895 2529 976 patientiam

388 994 494 1044 ter
534 981 805 1051 Iudaeos
827 1024 848 1057 ,
893 980 1053 1041 Luc.
1092 983 1152 1041 81
1193 982 1255 1042 3.
1498 980 1687 1040 nobis
1767 979 2218 1040 commendare
2288 979 2479 1039 debet
2506 1022 2529 1056 ,

348 1068 641 1143 Viduas,
666 1064 949 1126 viduitas
973 1063 1422 1141 etviduertas,
1499 1062 1730 1124 Matth.
1793 1062 1894 1124 261
1955 1067 2063 1125 52.
2152 1062 2530 1123 Vindictam

403 1172 425 1212 1
480 1151 649 1210 Tim.
688 1152 750 1211 51
798 1153 861 1211 3.
1498 1148 1812 1228 privatam
1831 1146 2217 1208 Christiania
2235 1167 2368 1208 non
2385 1168 2535 1239 per-

348 1234 643 1315 Vigilsre
685 1233 948 1313 quinam
993 1230 1338 1306 dicantur,
1391 1249 1413 1290 1
1498 1232 1670 1291 misit
1709 1229 2006 1292 Christus
2029 1276 2050 1311 ,
2090 1230 2275 1291 Rom.
2304 1251 2399 1293 121
2436 1231 2533 1311 17.

391 1318 624 1381 Thess.
687 1319 750 1377 51
819 1334 918 1377 10.
1001 1314 1422 1395 Vigilandum
1457 1314 1838 1375 vinolentia
1882 1315 2166 1377 omnium
2213 1315 2536 1377 vitiorum

390 1401 564 1464 omni
603 1409 934 1479 tempore,
980 1400 1142 1460 Luc.
1184 1418 1279 1459 121
1321 1402 1424 1462 38.
1500 1418 1807 1460 summam
1831 1398 2121 1475 denotat,
2144 1398 2537 1472 Ι.110.21134.

347 1487 596 1568 Vigiles
710 1481 972 1564 Templi
1078 1482 1376 1545 custodes
1404 1531 1425 1564 ,
1498 1483 1941 1544 Vinolentiam
1971 1491 2040 1544 et
2070 1484 2538 1544 scortationem

392 1569 628 1633 Matth.
672 1567 773 1630 261
819 1569 926 1639 45.
1500 1566 1806 1648 consequi
1855 1569 2072 1629 solent
2116 1567 2422 1628 convicia
2465 1577 2536 1629 et

348 1652 599 1735 Vigilia
637 1659 870 1732 quarta
911 1669 993 1712 ex
1034 1648 1195 1730 galli
1233 1657 1427 1711 cantu
1497 1671 1790 1734 pugnae,
1835 1650 2019 1712 Rom.
2069 1655 2181 1727 131ι
2216 1655 2314 1715 13.

385 1738 686 1813 noscitur
707 1779 728 1812 ,
753 1733 987 1796 Matth.
1011 1734 1111 1797 261
1141 1736 1245 1807 34.
1305 1735 1424 1796 Vi·
1458 1734 1701 1797 Vinum
1742 1745 2156 1817 comparatur
2193 1728 2495 1818 sanguini
2511 1780 2535 1814 ,

390 1823 584 1904 gilias
636 1819 850 1881 noctis
895 1829 1121 1879 ternas
1165 1820 1428 1902 proprie
1498 1820 1735 1882 Matth.
1772 1820 1870 1882 261
1905 1840 1981 1899 27
2005 1867 2027 1900 ,
2069 1820 2277 1900 Apoc.
2306 1836 2401 1892 141
2439 1840 2538 1902 19.

389 1904 648 1970 Iudaeis
683 1903 888 1965 fuisse
917 1904 1034 1964 sub
1067 1902 1276 1963 libera
1302 1904 1424 1964 Re·
1499 1903 1816 1969 sanitatis
1843 1925 2036 1965 causa
2058 1906 2532 1985 usurpandum,

386 1992 563 2074 pub„
588 1998 934 2070 quaternas
970 2008 1131 2051 vero
1170 1985 1329 2067 ipsis
1363 1997 1429 2049 et
1507 2009 1534 2051 1
1583 1990 1756 2050 Τ1111.
1795 1992 1855 2051 51
1902 1993 2006 2052 23.
2091 1988 2365 2050 Senibus
2412 2011 2533 2070 pro

389 2074 702 2136 Romanis
737 2071 853 2133 sub
885 2070 1159 2153 imperio
1191 2070 1427 2135 Roma·
1497 2073 1670 2137 lacte
1704 2094 1844 2135 esse
1881 2073 2066 2132 aiunt
2093 2073 2363 2149 Graeci,
2396 2074 2547 2133 Tit.

389 2179 668 2238 norum,
708 2154 941 2219 Matth.
983 2168 1077 2226 141
1115 2158 1220 2216 25.
1500 2178 1559 2220 21
1632 2177 1694 2220 2.
1778 2157 2175 2223 Vulneribus
2236 2157 2539 2219 adhiberi

344 2244 533 2317 Villa
590 2240 974 2323 posterioris
1037 2239 1188 2300 aevi
1244 2259 1381 2300 vox
1406 2285 1428 2317 ,
1499 2240 1705 2317 solet,
1752 2241 1914 2301 Luc.
1953 2260 2045 2302 101
2087 2245 2193 2305 33.
2258 2242 2538 2322 Spiritui

387 2329 562 2389 idem
596 2326 770 2405 quod
801 2325 1028 2402 vicus,
1064 2322 1301 2386 Matth-
1323 2323 1424 2386 261
1502 2327 1749 2387 Sancto
1786 2326 2213 2402 adversatur,
2265 2326 2426 2386 Luc.
2475 2345 2553 2389 11·
2642 2322 2645 2327 ’

353 2438 356 2441 ²
393 2413 501 2476 36.
567 2410 787 2471 Villae
823 2429 1008 2490 pars,
1041 2406 1116 2467 in
1151 2425 1279 2488 qua
1312 2408 1430 2468 do·
1506 2413 1604 2471 15.
1710 2409 2000 2469 Dilutum
2068 2408 2203 2468 bibi
2271 2409 2535 2471 solitum

389 2496 605 2558 minus
667 2492 925 2557 habitat
949 2536 970 2569 ,
1029 2491 1428 2575 praetorium
1502 2493 1812 2554 Hebraeis
1837 2535 1860 2571 ,
1927 2499 1995 2553 et
2058 2490 2131 2551 111
2197 2491 2534 2554 federibus

395 2581 799 2660 appellatur,
844 2577 994 2638 Act.
1035 2579 1138 2638 231
1185 2577 1290 2637 35.
1499 2577 1756 2658 populis
1794 2574 2342 2637 mansuetioribus
2385 2578 2538 2639 loco

348 2663 628 2725 Villicus
688 2660 832 2742 quis
899 2659 1198 2733 dicatur,
1265 2657 1427 2720 Luc.
1501 2660 1838 2742 sanguinis
1863 2704 1885 2737 ,
1956 2659 2187 2721 Matth.
2243 2662 2346 2723 261
2406 2681 2484 2742 27
2508 2708 2532 2740 ,
2647 2674 2651 2677 ’

398 2747 494 2807 161
550 2764 606 2805 1.
1501 2744 1671 2806 Phil.
1732 2765 1817 2806 21,
1859 2761 1957 2825 17.
2040 2745 2337 2812 Dilatum
2400 2746 2538 2809 vim

347 2830 502 2903 ,vim
538 2828 609 2891 vi
643 2825 963 2906 repellere
999 2845 1084 2886 an
1107 2822 1432 2900 Christia-
1499 2838 1889 2891 venenatam
1951 2828 2167 2889 minus
2200 2829 2494 2893 attrahit
2513 2874 2536 2908 ,

371 2934 518 2982 ‚nae
610 2909 947 2973 doctrinae
1031 2909 1429 2988 conveniat,
1504 2914 1704 2994 Apoc.
1744 2926 1839 2984 141
1884 2931 1982 2973 10.
2049 2914 2274 2976 Tenue
2313 2923 2380 2976 et
2420 2936 2536 2976 au·

392 2996 629 3062 Matth.
672 2999 734 3058 51
783 2997 890 3056 50.
976 2992 1061 3054 Et
1121 3002 1430 3075 quantum
1503 3008 1744 3058 sterum
1779 2997 2045 3076 prodest
2074 2999 2406 3060 stomacho
2437 2999 2538 3058 la-

394 3082 597 3150 liceat
621 3099 742 3161 pro
760 3077 1432 3158 vitatuendafscere,
1501 3081 1935 3157 borantibus,
2002 3099 2027 3142 1
2093 3082 2266 3143 Tim.
2317 3086 2379 3144 51
2433 3086 2538 3145 23.

360 3207 366 3232 ,
395 3166 563 3228 ibid.
604 3164 712 3225 66.
1506 3164 1946 3246 Myrrhatum,
1978 3164 2158 3245 quasi
2189 3188 2307 3247 pro
2335 3168 2541 3228 bene-

354 3250 637 3312 Vincere
691 3247 1047 3330 patiendo,
1083 3266 1229 3316 ‚non
1271 3264 1430 3328 pug-
1504 3251 1653 3321 ficio
1700 3250 1996 3310 sontibus
2045 3251 2320 3326 dabatur
2365 3251 2541 3330 apud

395 3335 619 3397 nando
645 3377 665 3408 ,
734 3353 924 3416 vere:
958 3340 1057 3391 est
1119 3330 1431 3391 Divinum
1504 3335 1813 3412 Iudaeos,
1854 3333 2086 3395 Matth.
2114 3354 2214 3414 271
2246 3338 2359 3409 34,
2396 3334 2544 3395 1011.

398 3417 724 3480 victoriae
767 3437 966 3495 genus
986 3458 1008 3492 ,
1056 3417 1205 3491 col.
1237 3433 1295 3475 21
1336 3418 1434 3474 15.
1474 3445 1477 3448 2
1511 3437 1605 3498 19:
1635 3438 1736 3499 29.
1799 3417 2035 3478 Vinum
2071 3428 2137 3478 et
2171 3418 2380 3479 sicera
2418 3420 2537 3479 sub

351 3502 627 3574 ‚Vincire
693 3500 891 3561 etiam
958 3508 1056 3559 est
1115 3499 1383 3579 rcingere
1409 3543 1430 3575 ,
1508 3502 1677 3583 Lege
1714 3500 1902 3583 signa
1937 3511 2126 3563 erant
2146 3522 2362 3565 rerum
2405 3523 2543 3564 om-

401 3585 544 3650 Ioh.
601 3603 701 3648 211
758 3587 854 3644 18.
942 3582 1201 3643 Vinctis
1264 3582 1433 3643 demi
1503 3586 1683 3647 nium
1723 3587 1953 3666 quibus
1995 3587 2163 3647 ratio
2200 3589 2544 3668 perturba·-

285 3675 296 3686 “
396 3670 670 3733 vincula
715 3668 940 3730 diebus
987 3667 1170 3728 festis
1218 3688 1257 3726 a
1303 3665 1436 3731 Ro·-
1504 3680 1653 3746 tur,
1698 3671 1858 3731 Luc.
1888 3690 1941 3732 11
1977 3674 2048 3732 15
2073 3673 2322 3752 ,κΑροα
2352 3675 2538 3744 1418.

401 3756 610 3818 manis
651 3761 788 3831 est,
835 3750 1072 3812 Matth.
1103 3770 1205 3832 271
1256 3750 1351 3812 15.
1504 3755 1740 3814 Vinum
1766 3764 1831 3815 et
1854 3755 2065 3819 oleum
2089 3777 2195 3817 res
2220 3758 2541 3818 iucundae

360 3839 710 3901 Vinculum
795 3835 1034 3898 dicitur
1120 3835 1381 3900 morbus
1412 3880 1432 3911 ,
1507 3839 1751 3920 magis,
1823 3860 2012 3919 quam
2079 3842 2489 3902 necessariae
2514 3884 2538 3918 ,

402 3926 609 3986 Marc.
657 3943 715 4003 71
763 3924 867 3985 35.
951 3921 1237 3982 Vincula
1277 3922 1434 3999 quid
1510 3923 1855 4004 Apum-18:
1909 3928 2010 3987 13.
2091 3924 2269 3985 Vina
2311 3936 2543 3985 veter-a

405 4007 808 4089 significent,
837 4006 983 4067 Act.
1003 4006 1105 4069 261
1129 4025 1228 4087 29.
1270 4003 1434 4064 Vin-
1508 4008 1756 4087 saporis
1796 4009 2067 4070 lenioris
2108 4031 2246 4071 esse
2287 4010 2539 4089 solent,

403 4093 549 4150 cula
584 4101 651 4150 et
688 4109 978 4150 carceres
1009 4091 1268 4170 quinam
1304 4089 1438 4150 sint
1505 4112 1682 4152 nova
1700 4103 1933 4154 contra
1951 4094 2354 4170 austerioris,
2379 4093 2542 4156 Luc.
2582 4139 2599 4148 -

371 4193 374 4198 ’
404 4174 699 4253 experti,
738 4173 939 4235 Hebr.
975 4194 1070 4238 111
1105 4175 1208 4236 36.
1269 4171 1431 4232 Vin·
1510 4179 1570 4238 51
1619 4181 1723 4257 39.

357 4277 368 4294 “·
405 4258 569 4319 culis
652 4277 770 4318 cur
839 4257 1135 4318 Christus
1199 4256 1433 4337 ligatus
1467 4259 1712 4341 Vipera
1747 4260 2096 4322 bestiarum
2121 4260 2401 4322 maxime
2424 4282 2545 4323 ve·

385 4342 606 4407 “fuerit
637 4362 720 4401 ex
753 4342 951 4406 Iudae
985 4340 1264 4422 monito,
1294 4341 1435 4405 Ioh.
1506 4353 1782 4422 uenata,
1810 4347 1957 4407 Act.
1982 4348 2078 4406 281
2106 4359 2169 4417 4.
2226 4344 2384 4405 Eius
2426 4366 2544 4407 ve·-

411 4430 510 4495 181
562 4444 660 4495 12.
1424 4443 1438 4460 ·“
1509 4449 1747 4493 1101111111
1804 4430 2183 4511 quibusdam
2243 4431 2316 4493 in
2374 4431 2542 4491 locis

778 4532 782 4537 ·
2400 4514 2547 4576 val-
