2779 5085
385 228 505 294 154
704 294 707 299 ⁴
1182 166 1731 275 inps-x

390 388 578 437 ,mum
602 413 621 445 ,
651 364 807 424 Luc.
840 381 933 443 17:
961 382 1023 441 9.
1067 358 1211 423 Non
1237 362 1440 443 exigit
1511 378 1663 419 usus
1710 355 2004 440 gentibus
2047 356 2410 422 habebatur
2453 362 2560 422 li-

413 452 859 532 aequaiitatem
899 450 1067 507 inter
1103 446 1345 505 factum
1375 458 1431 505 01
1511 444 1710 518 citus,
1760 442 1901 503 Act.
1955 447 2046 504 15:
2101 463 2196 502 2ο.

410 560 543 599 rein
574 583 592 612 ,
658 533 896 596 Matth.
951 533 1010 591 6:
1079 550 1132 590 1.
1234 534 1433 589 Datur
1478 528 1714 587 Meritis
1741 529 1931 586 nullis
1958 539 2336 606 provocatus
2367 534 2547 591 Deus

409 641 652 681 merces
713 616 996 691 laboris,
1057 616 1166 675 vel
1211 616 1277 673 iu
1329 635 1431 694 pe·
1509 611 1799 670 homiues
1837 613 2112 685 amavit,
2154 613 2292 671 lob.
2331 621 2387 677 3:
2428 619 2497 675 6.

410 707 601 765 cunia
628 747 645 775 ,
694 704 799 761 vel
839 709 1020 780 parte
1062 699 1159 759 rei
1203 701 1271 758 in
1311 720 1435 778 qua
1477 696 1683 756 Meroe
1707 718 1867 775 quae
1892 696 2271 775 Aethiopiae
2299 720 2550 761 accen-

406 791 790 857 laboratur,
878 804 898 844 1
983 784 1134 843 Cor.
1202 805 1260 863 9:
1338 803 1434 843 10.
1507 791 1718 855 setur,
1762 781 2045 840 subiecta
2080 792 2222 841 erat
2256 784 2546 864 imperio

407 876 662 933 Donum
710 868 843 928 dici
886 878 1093 945 potest
1140 869 1243 926 ubi
1290 868 1432 946 quis
1504 865 1965 938 foeminarum,
2015 867 2158 925 Act.
2205 869 2261 927 8:
2314 889 2411 943 27.

405 981 526 1040 pro
575 975 764 1034 opere
812 952 948 1030 plus
988 952 1206 1011 reddit
1245 974 1428 1030 qnam
1474 949 1642 1009 Mero
1717 951 1818 1010 vis
1892 952 2093 1008 maior
2163 953 2548 1013 attrahendi

332 1098 341 1103 -
401 1041 622 1120 quanti
650 1048 747 1098 est
772 1056 1004 1113 opera,
1039 1036 1217 1095 Rom.
1244 1037 1300 1095 6:
1330 1042 1431 1097 23.
1504 1055 1821 1092 venenum
1843 1078 1861 1108 ‚
1890 1054 2073 1113 quam
2105 1036 2259 1093 vino
2286 1038 2492 1096 diluto
2515 1083 2541 1113 ,

403 1125 548 1186 Non
616 1129 943 1202 reputatur
992 1122 1282 1199 operanti
1333 1142 1422 1179 se·
1507 1120 1708 1195 Apoc.
1761 1135 1852 1187 14:
1906 1139 1999 1177 10.
2078 1118 2252 1186 Mero
2300 1134 2542 1182 venter

406 1209 684 1267 cundum
735 1206 1048 1285 gratiam,
1094 1205 1205 1263 sed
1250 1205 1424 1263 debi-
1469 1201 1801 1262 'aestuans
1872 1206 2001 1262 cito
2067 1204 2399 1283 despumat
2460 1209 2543 1267 in

402 1302 576 1364 tuin,
645 1290 796 1348 Luc.
844 1307 944 1361 27:
1003 1306 1097 1347 10.
1187 1288 1427 1348 Merces
1509 1287 1848 1359 libidines,
1897 1288 2041 1347 Iud.
2096 1292 2189 1348 13.

405 1376 769 1436 iniustitiae
832 1372 1136 1432 Balaamo
1201 1383 1266 1431 et
1330 1376 1426 1431 sui
1472 1370 1921 1449 Mesopotamia
1985 1393 2169 1450 quam
2233 1374 2359 1434 late
2420 1396 2543 1455 pa-

404 1460 724 1523 similibus
789 1456 1047 1516 exitalis
1077 1500 1094 1531 ,
1163 1475 1201 1516 2
1260 1457 1428 1516 Petr.
1504 1458 1734 1528 tuerit,
1782 1460 1927 1515 Act.
1962 1476 2019 1534 7:
2062 1478 2120 1517 2.
2188 1457 2338 1517 Eius
2385 1481 2541 1537 pos-

402 1564 464 1607 ²:
509 1548 604 1602 15.
672 1541 914 1601 Merces
937 1541 1150 1619 'plena
1191 1541 1430 1599 dicitur
1506 1542 1703 1599 sessio
1737 1562 1859 1619 qno
1893 1552 2177 1620 tempore
2203 1545 2372 1617 inter
2404 1544 2538 1603 Ro-

403 1648 649 1689 men-ces
720 1626 893 1684 vitae
932 1634 1265 1696 ¹aeternae
1293 1671 1308 1699 ,
1397 1645 1428 1684 2
1506 1645 1738 1683 manos.
1774 1635 1839 1683 et
1885 1625 2110 1685 Persas
2154 1629 2347 1687 armis
2392 1628 2538 1687 dis-

402 1711 544 1774 loli.
570 1714 629 1770 8.
674 1711 920 1770 Merces
950 1706 1224 1769 vocatur
1255 1711 1429 1770 vitae
1504 1718 1791 1788 ceptata,
1840 1710 1973 1768 Iac.
2021 1722 2075 1769 2:
2127 1730 2183 1768 2.

324 1808 330 1819 “
402 1806 701 1855 aeternae
728 1793 937 1852 honor
964 1838 979 1866 ,
1013 1796 1216 1873 Apoe.
1245 1814 1339 1853 21:
1369 1795 1429 1852 6.
1473 1792 1732 1852 Messias
1762 1792 2065 1853 Hebraeis
2097 1802 2236 1853 erat
2261 1795 2539 1872 promis-

404 1880 721 1940 Mercedis
771 1879 1067 1937 coelestis
1115 1884 1271 1956 spes'
1299 1881 1422 1956 pri·
1504 1899 1634 1949 sus,
1664 1898 1790 1936 non
1813 1880 2131 1957 gentibus,
2161 1880 2339 1937 Rom.
2362 1882 2533 1939 15:8.

400 1965 670 2027 marium
696 1962 1026 2042 religionis
1046 1962 1422 2021 incitamen·
1507 1961 1705 2021 Natus
1736 1963 2099 2042 exi-virgine
2124 1973 2529 2041 contemptae

403 2058 584 2122 tum,
651 2046 875 2107 Matth.
929 2046 1022 2106 16:
1072 2059 1174 2115 24.
1263 2047 1399 2106 Mer
1504 2048 1737 2119 sortis,
1791 2047 1947 2105 Luc.
2003 2068 2050 2105 1:
2095 2051 2197 2107 51.
2284 2050 2534 2106 Doctor

403 2134 620 2195 cedem
684 2151 971 2210 maguam
1020 2128 1218 2189 habet
1258 2132 1428 2209 qnod
1503 2131 1788 2209 gentium‘
1844 2140 1907 2189 et
1954 2131 2368 2190 idololatriae
2418 2132 2536 2190 de-

290 2256 293 2259 »
402 2237 595 2297 ‚snpra
628 2226 1028 2296 praeceptum
1062 2215 1170 2289 fit,
1214 2233 1238 2272 1
1279 2215 1428 2274 Cor.
1471 2223 1848 2287 .structor,.
1896 2214 2036 2273 Ioh.
2107 2234 2155 2275 1:
2213 2236 2318 2294 29.
2403 2215 2533 2274 Dei

403 2322 462 2381 9:
521 2321 615 2377 17.
706 2298 1062 2357 Mercedem
1110 2301 1426 2377 operariis
1502 2297 1703 2357 Filius
1750 2300 2103 2371 ⁸vocabatur
2145 2319 2182 2356 a
2225 2301 2526 2374 Iudaeis,

402 2383 535 2444 suis
596 2383 901 2441 fraudare
949 2404 1179 2463 magna
1225 2384 1429 2441 inius-
1509 2380 1732 2438 Maith.
1784 2396 1875 2449 14:
1926 2386 2048 2453 33,
2098 2382 2195 2442 26:
2245 2387 2304 2443 3.
2396 2383 2533 2442 Cur

399 2469 587 2541 titia,
639 2468 767 2526 Iac.
809 2470 870 2527 5:
922 2481 983 2537 4.
1071 2466 1422 2526 Mercedem
1503 2465 1710 2523 dictus
1761 2466 1965 2542 gloria
2016 2466 2314 2540 Israelis,
2368 2466 2528 2525 huc.

398 2552 642 2635 pacisci
697 2573 814 2630 pro
863 2561 1005 2612 actu
1054 2553 1297 2612 directe
1347 2553 1423 2608 ad
1507 2570 1556 2608 2:
1610 2554 1707 2617 32.
1778 2550 1851 2607 In
1906 2550 2156 2608 Davide
2208 2553 2529 2630 praefigu-

399 2639 521 2699 Dei
566 2637 833 2716 gloriam
879 2636 1213 2706 ordinato,
1254 2635 1422 2692 haud
1498 2642 1713 2705 ratus,
1752 2632 1892 2692 Ioh.
1920 2655 1976 2694 2:
2014 2634 2124 2709 16,
2163 2636 2307 2696 Act.
2333 2655 2390 2694 2:
2424 2655 2527 2713 29,

403 2723 595 2781 dubie
660 2721 780 2779 Dei
828 2721 1071 2799 gloriae
1121 2719 1424 2779 adversa·
1481 2717 1988 2794 -Exspectandus
2063 2729 2225 2778 ‚erat
2315 2728 2531 2779 stante

402 2816 550 2878 tnr,
607 2804 828 2864 Matth.
886 2822 974 2863 io:
1030 2805 1126 2861 18.
1501 2799 2531 2878 Temploseeund0,Matth.23:1.

360 2890 671 2952 Mercurii
737 2889 870 2948 dies
934 2884 1178 2946 ieiunio
1244 2906 1427 2944 sacer
1503 2885 1760 2945 Messias
1847 2886 2131 2947 Proheta
2216 2890 2531 2947 maximus

402 2975 575 3060 apud⁸
632 2974 900 3032 Veteres
966 2970 1378 3032 Christianos
1408 3015 1424 3044 ,
1504 2971 1788 3030 creditus
1826 2972 2117 3049 ludaeis,
2155 2981 2218 3030 et
2256 2973 2360 3049 qni
2397 2993 2533 3030 ma-

404 3059 559 3119 Luc.
611 3062 704 3119 18:
754 3076 849 3117 12.
1500 3054 1638 3113 iora
1675 3076 1859 3133 quam
1903 3056 2100 3114 Moses
2139 3065 2530 3134 praestaret,

358 3143 594 3205 Mei-eri
637 3142 817 3202 vocis
859 3162 1019 3219 quae
1056 3142 1427 3220 plerumque
1500 3138 1639 3199 Ioh.·
1681 3141 1739 3200 6:
1794 3155 1889 3209 14.
1957 3140 2102 3198 Plus
2146 3161 2331 3219 quarn
2373 3140 2536 3198 Pro-

403 3227 830 3306 significatio,
882 3226 1037 3285 Luc.
1083 3245 1182 3286 21:
1223 3225 1334 3303 ⁸36.
1505 3222 1736 3300 pheta,
1788 3223 1924 3282 Iob.
1976 3225 2065 3301 1‘9:
2115 3245 2172 3302 7.
2242 3226 2313 3282 ln
2357 3224 2532 3298 quod

322 3313 669 3373 ‘Meretrix
713 3318 810 3367 est
852 3310 1036 3368 velut
1069 3327 1237 3368 uxor
1280 3326 1425 3364 usu-
1501 3308 1727 3366 missus
1758 3352 1775 3381 ,
1843 3307 1994 3366 Luc.
2054 3328 2110 3386 9:
2163 3310 2264 3366 55.
2352 3308 2533 3378 Quo-

399 3398 615 3462 raria,
673 3412 694 3449 1
751 3392 899 3450 Cor.
944 3392 1002 3452 6:
1055 3392 1150 3450 16.
1225 3390 1425 3449 Mere·
1505 3392 1692 3449 modo
1739 3400 2229 3467 exspectaretur
2275 3391 2531 3451 Iudaeis

398 3480 531 3544 trix
573 3475 867 3554 Babylon
907 3475 1048 3534 sive
1086 3476 1286 3533 Roma
1329 3474 1425 3533 di·
1501 3495 1637 3532 cuin
1668 3476 1789 3533 iam
1822 3476 2104 3544 adesset,
2141 3475 2363 3534 Matth.
2390 3496 2442 3535 2:
2477 3495 2534 3537 1.

401 3565 611 3634 citur,
654 3559 864 3638 -Apoc.
915 3578 1011 3637 ¹7³
1061 3577 1112 3618 1.
1178 3559 1426 3637 Purpu-
1503 3559 2312 3618 DanielidiciturSanctus
2332 3561 2536 3619 Sanc-

397 3659 559 3709 rata.
587 3666 701 3723 pro
754 3643 990 3718 Roma,
1041 3642 1205 3703 ibid.
1299 3643 1419 3716 Me·
1501 3654 1752 3716 torum,
1802 3643 2209 3712 Marc.1:24.
2274 3645 2530 3705 Iudaeis

398 3732 607 3794 retrix
648 3729 719 3787 in
763 3728 980 3790 fronte
1023 3749 1135 3788 cur
1173 3729 1429 3788 dicatur
1503 3727 1947 3790 sanctuarium
2004 3727 2532 3789 Sanctuariorum

400 3820 696 3896 signata,
785 3814 945 3874 ibid.
1060 3812 1428 3872 Meretrices
1506 3811 1781 3883 dicitur,
1823 3811 1972 3870 -1011,
2022 3832 2074 3872 21
2132 3833 2224 3892 19.

400 3904 551 3958 olim
602 3918 736 3957 11011
782 3918 974 3956 ausae
1019 3907 1312 3977 prostare
1360 3897 1425 3954 in
1469 3895 1734 3955 Messiae
1756 3917 1983 3955 nomen
2010 3895 2236 3956 dicunt
2257 3894 2531 3956 Hebraei

400 3985 716 4053 urbibus,
783 3982 894 4042 sed
946 3982 1014 4041 iu
1065 3983 1236 4061 agris
1284 3991 1427 4039 tan·
1475 3978 1696 4048 ⁴fuisse
1753 3977 2253 4041 ante‘Mundum
2306 3981 2535 4040 condi·-

402 4077 536 4126 tum
567 4111 582 4138 ,
647 4066 837 4144 idque
901 4066 1157 4128 obtecto
1207 4067 1426 4136 vultu,
1506 4074 1679 4137 tum,
1728 4064 1893 4143 Eph.
1942 4086 1990 4125 1:
2037 4081 2114 4138 4,
2166 4065 2303 4124 loh.
2349 4065 2531 4141 17:5'.

408 4148 640 4212 Matth.
706 4154 765 4210 5:
837 4169 936 4225 27.
1059 4150 1428 4209 Meretrices
1506 4148 1660 4207 Eius
1691 4151 1913 4207 titulus
1939 4151 1999 4208 e't
2028 4150 2347 4228 dignitas,
2392 4148 2535 4209 Ioh.

404 4237 654 4295 intrare
716 4233 784 4292 in
841 4244 1109 4313 regnum
1157 4234 1428 4292 coeleste
1516 4253 1562 4292 1:
1604 4247 1707 4303 40.
1776 4233 1927 4291 Eius
1967 4235 2285 4308 epitheta,
2320 4254 2352 4293 2
2382 4235 2534 4293 Cor.

404 4316 724 4399 quomodo
811 4317 1350 4397 intelligendum,
1506 4320 1563 4376 8:
1638 4339 1699 4396 9.
1781 4317 2108 4388 Quaenam
2176 4321 2313 4377 eius
2381 4327 2536 4377 nota

404 4405 607 4466 hebr.
671 4419 766 4462 11:
829 4405 938 4465 31.
1016 4401 1425 4467 Mercu-imni
1505 4401 1685 4463 iuxta
1747 4398 2254 4480 Thalmudioos,
2303 4402 2538 4466 Matth.

2478 4506 2540 4565 9.
