<?xml version="1.0" encoding="UTF-8"?>
<!DOCTYPE html PUBLIC "-//W3C//DTD XHTML 1.0 Transitional//EN"
    "http://www.w3.org/TR/xhtml1/DTD/xhtml1-transitional.dtd">
<html xmlns="http://www.w3.org/1999/xhtml" xml:lang="en" lang="en">
 <head>
  <title>
</title>
<meta http-equiv="Content-Type" content="text/html;charset=utf-8" />
  <meta name='ocr-system' content='tesseract 3.04.00' />
  <meta name='ocr-capabilities' content='ocr_page ocr_carea ocr_par ocr_line ocrx_word'/>
</head>
<body>
  <div class='ocr_page' id='page_1' title='image "./annotationesinn00grotgoog_0097.png"; bbox 0 0 2779 5085; ppageno 0'>
   <div class='ocr_carea' id='block_1_1' title="bbox 676 282 2427 376">
    <p class='ocr_par' dir='ltr' id='par_1_1' title="bbox 676 282 2427 376">
     <span class='ocr_line' id='line_1_1' title="bbox 676 282 2427 376; baseline 0.004 -35"><span class='ocrx_word' id='word_1_1' title='bbox 676 282 1058 343; x_wconf 66' lang='lat' dir='ltr'><strong>annun</strong></span> <span class='ocrx_word' id='word_1_2' title='bbox 1148 304 1245 342; x_wconf 69' lang='lat' dir='ltr'><strong>m</strong></span> <span class='ocrx_word' id='word_1_3' title='bbox 1334 282 1996 348; x_wconf 67' lang='lat' dir='ltr'><strong>vennonen.</strong></span> <span class='ocrx_word' id='word_1_4' title='bbox 2347 299 2427 376; x_wconf 72' lang='lat'><strong>33</strong></span> 
     </span>
    </p>
   </div>
   <div class='ocr_carea' id='block_1_2' title="bbox 1309 652 1349 2252">
    <p class='ocr_par' dir='ltr' id='par_1_2' title="bbox 1309 652 1349 2252">
     <span class='ocr_line' id='line_1_2' title="bbox 1323 652 1349 893; baseline 0 -80"><span class='ocrx_word' id='word_1_5' title='bbox 1323 652 1349 893; x_wconf 95' lang='lat' dir='ltr'><strong>   </strong></span> 
     </span>
     <span class='ocr_line' id='line_1_3' title="bbox 1318 902 1345 1164; baseline 0 -14"><span class='ocrx_word' id='word_1_6' title='bbox 1318 902 1345 1164; x_wconf 95' lang='lat' dir='ltr'><strong>   </strong></span> 
     </span>
     <span class='ocr_line' id='line_1_4' title="bbox 1315 1293 1339 1405; baseline 0 0"><span class='ocrx_word' id='word_1_7' title='bbox 1315 1293 1339 1405; x_wconf 95' lang='lat' dir='ltr'><strong>  </strong></span> 
     </span>
     <span class='ocr_line' id='line_1_5' title="bbox 1309 1747 1336 2094; baseline 0 0"><span class='ocrx_word' id='word_1_8' title='bbox 1309 1747 1336 2094; x_wconf 95' lang='lat' dir='ltr'><strong>    </strong></span> 
     </span>
     <span class='ocr_line' id='line_1_6' title="bbox 1309 2094 1335 2252; baseline 0 0"><span class='ocrx_word' id='word_1_9' title='bbox 1309 2094 1335 2252; x_wconf 95' lang='lat' dir='ltr'><strong>  </strong></span> 
     </span>
    </p>
   </div>
   <div class='ocr_carea' id='block_1_3' title="bbox 148 437 2426 4479">
    <p class='ocr_par' dir='ltr' id='par_1_3' title="bbox 240 437 2426 940">
     <span class='ocr_line' id='line_1_7' title="bbox 240 437 2426 527; baseline 0.005 -26"><span class='ocrx_word' id='word_1_10' title='bbox 240 437 556 501; x_wconf 78' lang='lat' dir='ltr'><strong>Elizaens</strong></span> <span class='ocrx_word' id='word_1_11' title='bbox 592 442 675 499; x_wconf 87' lang='lat' dir='ltr'><strong>ad</strong></span> <span class='ocrx_word' id='word_1_12' title='bbox 711 441 1158 521; x_wconf 86' lang='lat' dir='ltr'><strong>propheticum</strong></span> <span class='ocrx_word' id='word_1_13' title='bbox 1190 462 1327 502; x_wconf 87' lang='lat' dir='ltr'><strong>mu-</strong></span> <span class='ocrx_word' id='word_1_14' title='bbox 1405 443 1544 500; x_wconf 89' lang='lat' dir='ltr'><strong>Col.</strong></span> <span class='ocrx_word' id='word_1_15' title='bbox 1611 457 1672 512; x_wconf 79' lang='lat'><strong>4:</strong></span> <span class='ocrx_word' id='word_1_16' title='bbox 1743 465 1805 523; x_wconf 94' lang='grc'><strong>9.</strong></span> <span class='ocrx_word' id='word_1_17' title='bbox 1903 446 2208 527; x_wconf 86' lang='lat' dir='ltr'><strong>Princeps</strong></span> <span class='ocrx_word' id='word_1_18' title='bbox 2284 462 2426 511; x_wconf 76' lang='lat' dir='ltr'><strong>erat</strong></span> 
     </span>
     <span class='ocr_line' id='line_1_8' title="bbox 282 523 2424 609; baseline 0.005 -25"><span class='ocrx_word' id='word_1_19' title='bbox 282 546 409 584; x_wconf 83' lang='lat' dir='ltr'><strong>nus</strong></span> <span class='ocrx_word' id='word_1_20' title='bbox 447 525 526 582; x_wconf 85' lang='lat' dir='ltr'><strong>ab</strong></span> <span class='ocrx_word' id='word_1_21' title='bbox 561 523 705 584; x_wconf 87' lang='lat' dir='ltr'><strong>Elia</strong></span> <span class='ocrx_word' id='word_1_22' title='bbox 742 536 1014 584; x_wconf 79' lang='lat' dir='ltr'><strong>vocatus</strong></span> <span class='ocrx_word' id='word_1_23' title='bbox 1049 528 1319 604; x_wconf 85' lang='lat' dir='ltr'><strong>spatium</strong></span> <span class='ocrx_word' id='word_1_24' title='bbox 1405 536 1618 586; x_wconf 86' lang='lat' dir='ltr'><strong>coetus</strong></span> <span class='ocrx_word' id='word_1_25' title='bbox 1657 527 2167 609; x_wconf 72' lang='lat' dir='ltr'><strong>Philippensium</strong></span> <span class='ocrx_word' id='word_1_26' title='bbox 2191 576 2208 606; x_wconf 89' lang='lat'><strong>,</strong></span> <span class='ocrx_word' id='word_1_27' title='bbox 2256 534 2424 595; x_wconf 84' lang='lat' dir='ltr'><strong>Phil.</strong></span> 
     </span>
     <span class='ocr_line' id='line_1_9' title="bbox 281 610 2421 698; baseline 0.007 -33"><span class='ocrx_word' id='word_1_28' title='bbox 281 610 620 666; x_wconf 76' lang='lat' dir='ltr'><strong>salutandi</strong></span> <span class='ocrx_word' id='word_1_29' title='bbox 693 620 994 690; x_wconf 84' lang='lat' dir='ltr'><strong>parentes</strong></span> <span class='ocrx_word' id='word_1_30' title='bbox 1059 613 1319 684; x_wconf 81' lang='lat' dir='ltr'><strong>oravit,</strong></span> <span class='ocrx_word' id='word_1_31' title='bbox 1408 632 1456 670; x_wconf 72' lang='grc' dir='ltr'><strong>ιε</strong></span> <span class='ocrx_word' id='word_1_32' title='bbox 1513 631 1583 686; x_wconf 80' lang='grc' dir='ltr'><strong>ι,</strong></span> <span class='ocrx_word' id='word_1_33' title='bbox 1644 612 1785 671; x_wconf 88' lang='lat' dir='ltr'><strong>Col.</strong></span> <span class='ocrx_word' id='word_1_34' title='bbox 1828 630 1886 683; x_wconf 78' lang='lat'><strong>4:</strong></span> <span class='ocrx_word' id='word_1_35' title='bbox 1944 634 2036 675; x_wconf 83' lang='lat'><strong>12.</strong></span> <span class='ocrx_word' id='word_1_36' title='bbox 2125 618 2421 698; x_wconf 83' lang='lat' dir='ltr'><strong>Magnum</strong></span> 
     </span>
     <span class='ocr_line' id='line_1_10' title="bbox 281 693 2419 781; baseline 0.004 -29"><span class='ocrx_word' id='word_1_37' title='bbox 281 693 448 752; x_wconf 86' lang='lat' dir='ltr'><strong>Luc.</strong></span> <span class='ocrx_word' id='word_1_38' title='bbox 484 715 541 771; x_wconf 87' lang='lat'><strong>9:</strong></span> <span class='ocrx_word' id='word_1_39' title='bbox 576 694 679 751; x_wconf 82' lang='lat'><strong>61.</strong></span> <span class='ocrx_word' id='word_1_40' title='bbox 744 694 1001 773; x_wconf 79' lang='lat' dir='ltr'>Viginti</span> <span class='ocrx_word' id='word_1_41' title='bbox 1045 696 1320 773; x_wconf 88' lang='lat' dir='ltr'><strong>panibus</strong></span> <span class='ocrx_word' id='word_1_42' title='bbox 1398 694 1654 755; x_wconf 83' lang='lat' dir='ltr'><strong>aPaulo</strong></span> <span class='ocrx_word' id='word_1_43' title='bbox 1673 697 2106 756; x_wconf 83' lang='lat' dir='ltr'><strong>testimonium</strong></span> <span class='ocrx_word' id='word_1_44' title='bbox 2137 704 2419 781; x_wconf 88' lang='lat' dir='ltr'><strong>accepit,</strong></span> 
     </span>
     <span class='ocr_line' id='line_1_11' title="bbox 274 776 2421 854; baseline 0.006 -21"><span class='ocrx_word' id='word_1_45' title='bbox 274 788 540 835; x_wconf 85' lang='lat' dir='ltr'><strong>centum</strong></span> <span class='ocrx_word' id='word_1_46' title='bbox 567 776 860 838; x_wconf 86' lang='lat' dir='ltr'><strong>homines</strong></span> <span class='ocrx_word' id='word_1_47' title='bbox 883 779 1152 854; x_wconf 82' lang='lat' dir='ltr'><strong>cibavit,</strong></span> <span class='ocrx_word' id='word_1_48' title='bbox 1180 779 1320 839; x_wconf 87' lang='lat' dir='ltr'><strong>Ioh.</strong></span> <span class='ocrx_word' id='word_1_49' title='bbox 1397 780 1556 836; x_wconf 83' lang='lat' dir='ltr'>ibid.</span> <span class='ocrx_word' id='word_1_50' title='bbox 1591 804 1600 812; x_wconf 83' lang='lat'><strong>·</strong></span> <span class='ocrx_word' id='word_1_51' title='bbox 1639 779 1858 839; x_wconf 80' lang='lat' dir='ltr'><strong>Multis</strong></span> <span class='ocrx_word' id='word_1_52' title='bbox 1901 782 2061 840; x_wconf 89' lang='lat' dir='ltr'><strong>locis</strong></span> <span class='ocrx_word' id='word_1_53' title='bbox 2104 786 2421 847; x_wconf 83' lang='lat' dir='ltr'><strong>oberratis</strong></span> 
     </span>
     <span class='ocr_line' id='line_1_12' title="bbox 281 861 2423 940; baseline 0.006 -22"><span class='ocrx_word' id='word_1_54' title='bbox 281 861 349 920; x_wconf 82' lang='lat'><strong>6:</strong></span> <span class='ocrx_word' id='word_1_55' title='bbox 398 883 459 940; x_wconf 88' lang='lat'><strong>9.</strong></span> <span class='ocrx_word' id='word_1_56' title='bbox 1396 863 1712 940; x_wconf 78' lang='lat' dir='ltr'><strong>Philippis</strong></span> <span class='ocrx_word' id='word_1_57' title='bbox 1741 867 2054 934; x_wconf 75' lang='lat' dir='ltr'><strong>consedit,</strong></span> <span class='ocrx_word' id='word_1_58' title='bbox 2080 878 2143 925; x_wconf 86' lang='lat' dir='ltr'><strong>et</strong></span> <span class='ocrx_word' id='word_1_59' title='bbox 2163 870 2313 930; x_wconf 91' lang='lat' dir='ltr'><strong>inde</strong></span> <span class='ocrx_word' id='word_1_60' title='bbox 2338 871 2423 931; x_wconf 86' lang='lat' dir='ltr'><strong>ad</strong></span> 
     </span>
    </p>

    <p class='ocr_par' dir='ltr' id='par_1_4' title="bbox 230 943 2423 1199">
     <span class='ocr_line' id='line_1_13' title="bbox 230 943 2420 1035; baseline 0.004 -30"><span class='ocrx_word' id='word_1_61' title='bbox 230 943 396 1005; x_wconf 80' lang='lat' dir='ltr'><strong>Elul</strong></span> <span class='ocrx_word' id='word_1_62' title='bbox 428 946 655 1005; x_wconf 87' lang='lat' dir='ltr'><strong>messis</strong></span> <span class='ocrx_word' id='word_1_63' title='bbox 687 946 922 1005; x_wconf 86' lang='lat' dir='ltr'><strong>mensis</strong></span> <span class='ocrx_word' id='word_1_64' title='bbox 949 946 1184 1025; x_wconf 84' lang='lat' dir='ltr'><strong>partim</strong></span> <span class='ocrx_word' id='word_1_65' title='bbox 1211 947 1307 1006; x_wconf 88' lang='lat' dir='ltr'><strong>In·</strong></span> <span class='ocrx_word' id='word_1_66' title='bbox 1394 948 1657 1006; x_wconf 80' lang='lat' dir='ltr'><strong>Paulum</strong></span> <span class='ocrx_word' id='word_1_67' title='bbox 1705 949 1933 1007; x_wconf 80' lang='lat' dir='ltr'><strong>missus</strong></span> <span class='ocrx_word' id='word_1_68' title='bbox 1957 995 1977 1026; x_wconf 90' lang='lat'><strong><em>,</em></strong></span> <span class='ocrx_word' id='word_1_69' title='bbox 2023 950 2194 1011; x_wconf 87' lang='lat' dir='ltr'><strong>Phil.</strong></span> <span class='ocrx_word' id='word_1_70' title='bbox 2241 973 2293 1012; x_wconf 83' lang='lat'><strong>1:</strong></span> <span class='ocrx_word' id='word_1_71' title='bbox 2347 975 2370 1014; x_wconf 86' lang='lat'>1</span> <span class='ocrx_word' id='word_1_72' title='bbox 2398 1002 2420 1035; x_wconf 81' lang='lat'><em>,</em></span> 
     </span>
     <span class='ocr_line' id='line_1_14' title="bbox 274 1030 2423 1111; baseline 0.006 -25"><span class='ocrx_word' id='word_1_73' title='bbox 274 1030 428 1102; x_wconf 83' lang='lat' dir='ltr'><strong>nio,</strong></span> <span class='ocrx_word' id='word_1_74' title='bbox 466 1032 697 1109; x_wconf 80' lang='lat' dir='ltr'><strong>partim</strong></span> <span class='ocrx_word' id='word_1_75' title='bbox 725 1031 894 1090; x_wconf 89' lang='lat' dir='ltr'><strong>Iulio</strong></span> <span class='ocrx_word' id='word_1_76' title='bbox 930 1032 1312 1110; x_wconf 73' lang='lat' dir='ltr'><strong>respondet,</strong></span> <span class='ocrx_word' id='word_1_77' title='bbox 1395 1032 1536 1090; x_wconf 87' lang='lat' dir='ltr'><strong>col.</strong></span> <span class='ocrx_word' id='word_1_78' title='bbox 1570 1051 1620 1090; x_wconf 85' lang='lat'><strong>1:</strong></span> <span class='ocrx_word' id='word_1_79' title='bbox 1646 1052 1705 1107; x_wconf 89' lang='lat'><strong>7.</strong></span> <span class='ocrx_word' id='word_1_80' title='bbox 1750 1031 2227 1111; x_wconf 77' lang='lat' dir='ltr'><strong>Epaphi-editus</strong></span> <span class='ocrx_word' id='word_1_81' title='bbox 2254 1038 2423 1099; x_wconf 87' lang='lat' dir='ltr'><strong>Tra-</strong></span> 
     </span>
     <span class='ocr_line' id='line_1_15' title="bbox 285 1113 2416 1199; baseline 0.005 -27"><span class='ocrx_word' id='word_1_82' title='bbox 285 1113 449 1172; x_wconf 89' lang='lat' dir='ltr'><strong>Luc.</strong></span> <span class='ocrx_word' id='word_1_83' title='bbox 493 1114 552 1174; x_wconf 78' lang='lat'><strong>6:</strong></span> <span class='ocrx_word' id='word_1_84' title='bbox 609 1133 664 1172; x_wconf 80' lang='lat' dir='ltr'><strong>t.</strong></span> <span class='ocrx_word' id='word_1_85' title='bbox 1386 1116 1524 1173; x_wconf 78' lang='lat' dir='ltr'><strong>iani</strong></span> <span class='ocrx_word' id='word_1_86' title='bbox 1575 1116 1847 1175; x_wconf 86' lang='lat' dir='ltr'><strong>libertus</strong></span> <span class='ocrx_word' id='word_1_87' title='bbox 1888 1126 1953 1176; x_wconf 90' lang='lat' dir='ltr'><strong>et</strong></span> <span class='ocrx_word' id='word_1_88' title='bbox 1996 1131 2416 1199; x_wconf 86' lang='lat' dir='ltr'><strong>procurator,</strong></span> 
     </span>
    </p>

    <p class='ocr_par' dir='ltr' id='par_1_5' title="bbox 232 1196 2420 1441">
     <span class='ocr_line' id='line_1_16' title="bbox 232 1196 1765 1261; baseline 0 -3"><span class='ocrx_word' id='word_1_89' title='bbox 232 1196 521 1258; x_wconf 85' lang='lat' dir='ltr'><strong>Elxaeus</strong></span> <span class='ocrx_word' id='word_1_90' title='bbox 563 1198 735 1256; x_wconf 84' lang='lat' dir='ltr'><strong>dixit</strong></span> <span class='ocrx_word' id='word_1_91' title='bbox 777 1198 1014 1256; x_wconf 87' lang='lat' dir='ltr'><strong>cultum</strong></span> <span class='ocrx_word' id='word_1_92' title='bbox 1044 1200 1163 1257; x_wconf 85' lang='lat' dir='ltr'><strong>Dei</strong></span> <span class='ocrx_word' id='word_1_93' title='bbox 1199 1221 1306 1259; x_wconf 83' lang='lat' dir='ltr'><strong>ex·</strong></span> <span class='ocrx_word' id='word_1_94' title='bbox 1392 1200 1552 1260; x_wconf 89' lang='lat' dir='ltr'><strong>Luc.</strong></span> <span class='ocrx_word' id='word_1_95' title='bbox 1603 1219 1655 1259; x_wconf 85' lang='lat'><strong>1:</strong></span> <span class='ocrx_word' id='word_1_96' title='bbox 1704 1204 1765 1261; x_wconf 80' lang='lat'><strong>3.</strong></span> 
     </span>
     <span class='ocr_line' id='line_1_17' title="bbox 275 1283 2420 1368; baseline 0.005 -29"><span class='ocrx_word' id='word_1_97' title='bbox 275 1292 532 1341; x_wconf 80' lang='lat' dir='ltr'><strong>ternum</strong></span> <span class='ocrx_word' id='word_1_98' title='bbox 572 1301 823 1341; x_wconf 87' lang='lat' dir='ltr'><strong>omnem</strong></span> <span class='ocrx_word' id='word_1_99' title='bbox 855 1284 923 1339; x_wconf 90' lang='lat' dir='ltr'><strong>in</strong></span> <span class='ocrx_word' id='word_1_100' title='bbox 954 1284 1142 1340; x_wconf 80' lang='lat' dir='ltr'><strong>rebus</strong></span> <span class='ocrx_word' id='word_1_101' title='bbox 1183 1306 1308 1345; x_wconf 85' lang='lat' dir='ltr'><strong>me·</strong></span> <span class='ocrx_word' id='word_1_102' title='bbox 1356 1284 1709 1363; x_wconf 84' lang='lat' dir='ltr'><strong>Epaenetus</strong></span> <span class='ocrx_word' id='word_1_103' title='bbox 1749 1283 2071 1344; x_wconf 80' lang='lat' dir='ltr'><strong>Romanus</strong></span> <span class='ocrx_word' id='word_1_104' title='bbox 2102 1307 2182 1346; x_wconf 86' lang='lat' dir='ltr'><strong>ex</strong></span> <span class='ocrx_word' id='word_1_105' title='bbox 2213 1287 2420 1368; x_wconf 81' lang='lat' dir='ltr'><strong>Paga-</strong></span> 
     </span>
     <span class='ocr_line' id='line_1_18' title="bbox 282 1366 2417 1441; baseline 0.004 -16"><span class='ocrx_word' id='word_1_106' title='bbox 282 1368 409 1425; x_wconf 86' lang='lat' dir='ltr'><strong>diis</strong></span> <span class='ocrx_word' id='word_1_107' title='bbox 455 1387 634 1441; x_wconf 86' lang='lat' dir='ltr'><strong>esse,</strong></span> <span class='ocrx_word' id='word_1_108' title='bbox 683 1366 915 1426; x_wconf 86' lang='lat' dir='ltr'><strong>Matth.</strong></span> <span class='ocrx_word' id='word_1_109' title='bbox 962 1380 1059 1437; x_wconf 77' lang='lat'><strong>24:</strong></span> <span class='ocrx_word' id='word_1_110' title='bbox 1116 1388 1211 1427; x_wconf 84' lang='grc' dir='ltr'><strong>ιι.</strong></span> <span class='ocrx_word' id='word_1_111' title='bbox 1387 1369 1594 1426; x_wconf 90' lang='lat' dir='ltr'><strong>nismo</strong></span> <span class='ocrx_word' id='word_1_112' title='bbox 1684 1367 1768 1427; x_wconf 86' lang='lat' dir='ltr'><strong>ad</strong></span> <span class='ocrx_word' id='word_1_113' title='bbox 1851 1368 2417 1434; x_wconf 68' lang='lat' dir='ltr'><strong>Christianismum</strong></span> 
     </span>
    </p>

    <p class='ocr_par' dir='ltr' id='par_1_6' title="bbox 235 1447 2420 1616">
     <span class='ocr_line' id='line_1_19' title="bbox 235 1447 2171 1531; baseline 0.002 -21"><span class='ocrx_word' id='word_1_114' title='bbox 235 1447 534 1529; x_wconf 81' lang='lat' dir='ltr'><strong>Elymaei</strong></span> <span class='ocrx_word' id='word_1_115' title='bbox 579 1451 787 1511; x_wconf 78' lang='lat' dir='ltr'><strong>vicini</strong></span> <span class='ocrx_word' id='word_1_116' title='bbox 832 1451 1041 1510; x_wconf 87' lang='lat' dir='ltr'><strong>Persis</strong></span> <span class='ocrx_word' id='word_1_117' title='bbox 1075 1461 1140 1511; x_wconf 89' lang='lat' dir='ltr'><strong>et</strong></span> <span class='ocrx_word' id='word_1_118' title='bbox 1176 1454 1306 1513; x_wconf 82' lang='lat' dir='ltr'><strong>Me-</strong></span> <span class='ocrx_word' id='word_1_119' title='bbox 1385 1454 1725 1531; x_wconf 81' lang='lat' dir='ltr'><strong>pervenit,</strong></span> <span class='ocrx_word' id='word_1_120' title='bbox 1775 1450 1957 1510; x_wconf 85' lang='lat' dir='ltr'><strong>Rom.</strong></span> <span class='ocrx_word' id='word_1_121' title='bbox 2009 1473 2060 1514; x_wconf 73' lang='grc' dir='ltr'><strong>ιε</strong></span> <span class='ocrx_word' id='word_1_122' title='bbox 2108 1455 2171 1514; x_wconf 88' lang='grc'><strong>6.</strong></span> 
     </span>
     <span class='ocr_line' id='line_1_20' title="bbox 286 1535 2420 1616; baseline 0.004 -23"><span class='ocrx_word' id='word_1_123' title='bbox 286 1537 624 1609; x_wconf 71' lang='grc' dir='ltr'><strong>ᾶίο,“Αοῑ.</strong></span> <span class='ocrx_word' id='word_1_124' title='bbox 670 1553 726 1595; x_wconf 88' lang='lat'><strong>2:</strong></span> <span class='ocrx_word' id='word_1_125' title='bbox 775 1556 838 1614; x_wconf 87' lang='lat'><strong>9.</strong></span> <span class='ocrx_word' id='word_1_126' title='bbox 1351 1535 1634 1616; x_wconf 78' lang='lat' dir='ltr'><strong>Ephesus</strong></span> <span class='ocrx_word' id='word_1_127' title='bbox 1701 1536 1853 1595; x_wconf 85' lang='lat' dir='ltr'><strong>urbs</strong></span> <span class='ocrx_word' id='word_1_128' title='bbox 1915 1538 2109 1596; x_wconf 79' lang='lat' dir='ltr'><strong>valde</strong></span> <span class='ocrx_word' id='word_1_129' title='bbox 2171 1560 2420 1600; x_wconf 76' lang='lat' dir='ltr'><strong>merca-</strong></span> 
     </span>
    </p>

    <p class='ocr_par' dir='ltr' id='par_1_7' title="bbox 234 1618 2417 2121">
     <span class='ocr_line' id='line_1_21' title="bbox 234 1618 2412 1704; baseline 0.002 -24"><span class='ocrx_word' id='word_1_130' title='bbox 234 1619 474 1693; x_wconf 74' lang='grc' dir='ltr'><strong>ΕιιιειιιεΙ</strong></span> <span class='ocrx_word' id='word_1_131' title='bbox 511 1618 718 1698; x_wconf 80' lang='lat' dir='ltr'><strong>qualis</strong></span> <span class='ocrx_word' id='word_1_132' title='bbox 758 1620 980 1693; x_wconf 86' lang='lat' dir='ltr'><strong>locus,</strong></span> <span class='ocrx_word' id='word_1_133' title='bbox 1022 1619 1180 1678; x_wconf 88' lang='lat' dir='ltr'><strong>Luc.</strong></span> <span class='ocrx_word' id='word_1_134' title='bbox 1206 1635 1304 1692; x_wconf 78' lang='lat'><strong>24:</strong></span> <span class='ocrx_word' id='word_1_135' title='bbox 1389 1621 1561 1693; x_wconf 85' lang='lat' dir='ltr'><strong>trix,</strong></span> <span class='ocrx_word' id='word_1_136' title='bbox 1619 1640 1640 1678; x_wconf 88' lang='lat'>1</span> <span class='ocrx_word' id='word_1_137' title='bbox 1698 1620 1866 1678; x_wconf 87' lang='lat' dir='ltr'><strong>Tim.</strong></span> <span class='ocrx_word' id='word_1_138' title='bbox 1911 1623 1968 1681; x_wconf 81' lang='lat'><strong>3:</strong></span> <span class='ocrx_word' id='word_1_139' title='bbox 2018 1627 2092 1695; x_wconf 81' lang='lat'><strong>83</strong></span> <span class='ocrx_word' id='word_1_140' title='bbox 2149 1624 2412 1704; x_wconf 80' lang='lat' dir='ltr'><strong>magicis</strong></span> 
     </span>
     <span class='ocr_line' id='line_1_22' title="bbox 283 1702 2416 1783; baseline 0.004 -22"><span class='ocrx_word' id='word_1_141' title='bbox 283 1709 383 1763; x_wconf 82' lang='lat'><strong>13.</strong></span> <span class='ocrx_word' id='word_1_142' title='bbox 496 1703 872 1762; x_wconf 83' lang='lat' dir='ltr'><strong>Emauntem</strong></span> <span class='ocrx_word' id='word_1_143' title='bbox 955 1706 1303 1781; x_wconf 82' lang='lat' dir='ltr'><strong>petentium</strong></span> <span class='ocrx_word' id='word_1_144' title='bbox 1384 1714 1450 1763; x_wconf 89' lang='lat' dir='ltr'><strong>et</strong></span> <span class='ocrx_word' id='word_1_145' title='bbox 1508 1702 1729 1783; x_wconf 81' lang='lat' dir='ltr'><strong>pravis</strong></span> <span class='ocrx_word' id='word_1_146' title='bbox 1782 1704 2011 1764; x_wconf 85' lang='lat' dir='ltr'><strong>studiis</strong></span> <span class='ocrx_word' id='word_1_147' title='bbox 2059 1708 2252 1767; x_wconf 77' lang='lat' dir='ltr'><strong>valde</strong></span> <span class='ocrx_word' id='word_1_148' title='bbox 2302 1709 2416 1768; x_wconf 91' lang='lat' dir='ltr'><strong>de-</strong></span> 
     </span>
     <span class='ocr_line' id='line_1_23' title="bbox 278 1787 2412 1870; baseline 0.003 -24"><span class='ocrx_word' id='word_1_149' title='bbox 278 1787 742 1868; x_wconf 82' lang='lat' dir='ltr'><strong>discipulorum</strong></span> <span class='ocrx_word' id='word_1_150' title='bbox 779 1788 1078 1861; x_wconf 90' lang='lat' dir='ltr'><strong>nomina,</strong></span> <span class='ocrx_word' id='word_1_151' title='bbox 1115 1791 1207 1847; x_wconf 87' lang='lat' dir='ltr'><strong>ibi</strong></span> <span class='ocrx_word' id='word_1_152' title='bbox 1245 1800 1304 1848; x_wconf 90' lang='lat' dir='ltr'><strong>et</strong></span> <span class='ocrx_word' id='word_1_153' title='bbox 1384 1788 1564 1865; x_wconf 84' lang='lat' dir='ltr'><strong>dita,</strong></span> <span class='ocrx_word' id='word_1_154' title='bbox 1602 1789 1749 1850; x_wconf 82' lang='lat' dir='ltr'><strong>Act.</strong></span> <span class='ocrx_word' id='word_1_155' title='bbox 1784 1806 1878 1867; x_wconf 74' lang='lat'><strong>¹9²</strong></span> <span class='ocrx_word' id='word_1_156' title='bbox 1914 1808 1984 1868; x_wconf 83' lang='lat'><strong>19</strong></span> <span class='ocrx_word' id='word_1_157' title='bbox 2007 1834 2026 1863; x_wconf 87' lang='lat'><em>,</em></span> <span class='ocrx_word' id='word_1_158' title='bbox 2062 1788 2226 1870; x_wconf 89' lang='lat' dir='ltr'><strong>Eph.</strong></span> <span class='ocrx_word' id='word_1_159' title='bbox 2254 1811 2310 1851; x_wconf 87' lang='lat'><strong>2:</strong></span> <span class='ocrx_word' id='word_1_160' title='bbox 2341 1813 2412 1868; x_wconf 81' lang='lat'><strong>2,</strong></span> 
     </span>
     <span class='ocr_line' id='line_1_24' title="bbox 276 1870 2417 1951; baseline 0.003 -21"><span class='ocrx_word' id='word_1_161' title='bbox 276 1892 410 1931; x_wconf 89' lang='lat' dir='ltr'><strong>non</strong></span> <span class='ocrx_word' id='word_1_162' title='bbox 465 1873 622 1930; x_wconf 87' lang='lat' dir='ltr'><strong>alibi</strong></span> <span class='ocrx_word' id='word_1_163' title='bbox 672 1870 968 1931; x_wconf 82' lang='lat' dir='ltr'><strong>Christus</strong></span> <span class='ocrx_word' id='word_1_164' title='bbox 1015 1873 1307 1932; x_wconf 81' lang='lat' dir='ltr'><strong>diversa-</strong></span> <span class='ocrx_word' id='word_1_165' title='bbox 1384 1888 1444 1942; x_wconf 80' lang='lat'><strong>4:</strong></span> <span class='ocrx_word' id='word_1_166' title='bbox 1502 1887 1595 1940; x_wconf 67' lang='lat'><strong>14.</strong></span> <span class='ocrx_word' id='word_1_167' title='bbox 1682 1871 1918 1951; x_wconf 84' lang='lat' dir='ltr'><strong>Ephesi</strong></span> <span class='ocrx_word' id='word_1_168' title='bbox 1982 1876 2165 1932; x_wconf 86' lang='lat' dir='ltr'><strong>malti</strong></span> <span class='ocrx_word' id='word_1_169' title='bbox 2224 1885 2417 1937; x_wconf 83' lang='lat' dir='ltr'><strong>erant</strong></span> 
     </span>
     <span class='ocr_line' id='line_1_25' title="bbox 278 1955 2413 2040; baseline 0.002 -25"><span class='ocrx_word' id='word_1_170' title='bbox 278 1967 379 2015; x_wconf 78' lang='lat' dir='ltr'><strong>tus</strong></span> <span class='ocrx_word' id='word_1_171' title='bbox 421 1967 524 2015; x_wconf 86' lang='lat' dir='ltr'><strong>est</strong></span> <span class='ocrx_word' id='word_1_172' title='bbox 561 1977 696 2015; x_wconf 85' lang='lat' dir='ltr'><strong>cum</strong></span> <span class='ocrx_word' id='word_1_173' title='bbox 729 1957 968 2035; x_wconf 78' lang='lat' dir='ltr'><strong>Cleopa</strong></span> <span class='ocrx_word' id='word_1_174' title='bbox 1003 1965 1066 2013; x_wconf 79' lang='lat' dir='ltr'><strong>ct</strong></span> <span class='ocrx_word' id='word_1_175' title='bbox 1100 1957 1305 2016; x_wconf 85' lang='lat' dir='ltr'><strong>altero</strong></span> <span class='ocrx_word' id='word_1_176' title='bbox 1382 1964 1735 2015; x_wconf 76' lang='lat' dir='ltr'><strong>sectatores</strong></span> <span class='ocrx_word' id='word_1_177' title='bbox 1771 1955 2210 2037; x_wconf 81' lang='lat' dir='ltr'><strong>Pythagorae,</strong></span> <span class='ocrx_word' id='word_1_178' title='bbox 2246 1958 2413 2040; x_wconf 91' lang='lat' dir='ltr'><strong>Eph.</strong></span> 
     </span>
     <span class='ocr_line' id='line_1_26' title="bbox 284 2032 2412 2121; baseline 0.002 -22"><span class='ocrx_word' id='word_1_179' title='bbox 284 2041 635 2119; x_wconf 86' lang='lat' dir='ltr'><strong>discipulo,</strong></span> <span class='ocrx_word' id='word_1_180' title='bbox 686 2042 846 2100; x_wconf 85' lang='lat' dir='ltr'><strong>Luc.</strong></span> <span class='ocrx_word' id='word_1_181' title='bbox 890 2055 989 2111; x_wconf 71' lang='lat'><strong>24.-</strong></span> <span class='ocrx_word' id='word_1_182' title='bbox 1040 2044 1142 2099; x_wconf 90' lang='lat'><strong>28.</strong></span> <span class='ocrx_word' id='word_1_183' title='bbox 1382 2040 1586 2120; x_wconf 85' lang='lat' dir='ltr'><strong>praef.</strong></span> <span class='ocrx_word' id='word_1_184' title='bbox 1684 2038 2004 2117; x_wconf 84' lang='lat' dir='ltr'><strong>Ephesum</strong></span> <span class='ocrx_word' id='word_1_185' title='bbox 2074 2063 2261 2121; x_wconf 83' lang='lat' dir='ltr'><strong>saepe</strong></span> <span class='ocrx_word' id='word_1_186' title='bbox 2328 2032 2412 2103; x_wconf 85' lang='lat' dir='ltr'><strong>ex</strong></span> 
     </span>
    </p>

    <p class='ocr_par' dir='ltr' id='par_1_8' title="bbox 235 2123 2418 2290">
     <span class='ocr_line' id='line_1_27' title="bbox 235 2123 2418 2186; baseline 0 -1"><span class='ocrx_word' id='word_1_187' title='bbox 235 2124 468 2185; x_wconf 82' lang='lat' dir='ltr'><strong>Emere</strong></span> <span class='ocrx_word' id='word_1_188' title='bbox 527 2126 781 2185; x_wconf 84' lang='lat' dir='ltr'><strong>Latinis</strong></span> <span class='ocrx_word' id='word_1_189' title='bbox 828 2126 1155 2184; x_wconf 82' lang='lat' dir='ltr'><strong>veteribus</strong></span> <span class='ocrx_word' id='word_1_190' title='bbox 1203 2147 1305 2184; x_wconf 84' lang='lat' dir='ltr'><strong>sn·</strong></span> <span class='ocrx_word' id='word_1_191' title='bbox 1383 2124 1530 2182; x_wconf 84' lang='lat' dir='ltr'><strong>aliis</strong></span> <span class='ocrx_word' id='word_1_192' title='bbox 1557 2123 1750 2183; x_wconf 86' lang='lat' dir='ltr'><strong>Asiae</strong></span> <span class='ocrx_word' id='word_1_193' title='bbox 1786 2123 2158 2184; x_wconf 81' lang='lat' dir='ltr'><strong>civitatibus</strong></span> <span class='ocrx_word' id='word_1_194' title='bbox 2194 2124 2418 2186; x_wconf 59' lang='lat' dir='ltr'><strong>sacrol-</strong></span> 
     </span>
     <span class='ocr_line' id='line_1_28' title="bbox 284 2209 2415 2290; baseline 0.001 -22"><span class='ocrx_word' id='word_1_195' title='bbox 284 2230 457 2281; x_wconf 73' lang='lat' dir='ltr'><strong>mere</strong></span> <span class='ocrx_word' id='word_1_196' title='bbox 498 2220 678 2283; x_wconf 87' lang='lat' dir='ltr'><strong>erat,</strong></span> <span class='ocrx_word' id='word_1_197' title='bbox 735 2228 758 2268; x_wconf 87' lang='lat'>1</span> <span class='ocrx_word' id='word_1_198' title='bbox 814 2210 965 2268; x_wconf 84' lang='lat' dir='ltr'><strong>Cor.</strong></span> <span class='ocrx_word' id='word_1_199' title='bbox 1008 2210 1068 2268; x_wconf 75' lang='lat'><strong>6:</strong></span> <span class='ocrx_word' id='word_1_200' title='bbox 1114 2230 1215 2271; x_wconf 86' lang='lat'><strong>20.</strong></span> <span class='ocrx_word' id='word_1_201' title='bbox 1380 2229 1524 2268; x_wconf 84' lang='lat' dir='ltr'><strong>rum</strong></span> <span class='ocrx_word' id='word_1_202' title='bbox 1547 2228 1737 2266; x_wconf 83' lang='lat' dir='ltr'><strong>causa</strong></span> <span class='ocrx_word' id='word_1_203' title='bbox 1758 2209 2240 2268; x_wconf 80' lang='lat' dir='ltr'><strong>conveniebant</strong></span> <span class='ocrx_word' id='word_1_204' title='bbox 2259 2232 2415 2290; x_wconf 83' lang='lat' dir='ltr'><strong>gen-</strong></span> 
     </span>
    </p>

    <p class='ocr_par' dir='ltr' id='par_1_9' title="bbox 232 2292 2414 2455">
     <span class='ocr_line' id='line_1_29' title="bbox 232 2292 2414 2372; baseline -0.001 -17"><span class='ocrx_word' id='word_1_205' title='bbox 232 2293 817 2355; x_wconf 83' lang='lat' dir='ltr'><strong>Emendatissimus</strong></span> <span class='ocrx_word' id='word_1_206' title='bbox 926 2293 1070 2372; x_wconf 86' lang='lat' dir='ltr'><strong>quis</strong></span> <span class='ocrx_word' id='word_1_207' title='bbox 1173 2295 1301 2370; x_wconf 82' lang='lat' dir='ltr'><strong>sit,</strong></span> <span class='ocrx_word' id='word_1_208' title='bbox 1379 2303 1517 2368; x_wconf 81' lang='lat' dir='ltr'><strong>tes,</strong></span> <span class='ocrx_word' id='word_1_209' title='bbox 1567 2292 1789 2351; x_wconf 83' lang='lat' dir='ltr'><strong>Iudaei</strong></span> <span class='ocrx_word' id='word_1_210' title='bbox 1838 2302 2154 2352; x_wconf 86' lang='lat' dir='ltr'><strong>mercatus</strong></span> <span class='ocrx_word' id='word_1_211' title='bbox 2201 2303 2266 2353; x_wconf 85' lang='lat' dir='ltr'><strong>et</strong></span> <span class='ocrx_word' id='word_1_212' title='bbox 2311 2296 2414 2353; x_wconf 87' lang='lat' dir='ltr'><strong>in-</strong></span> 
     </span>
     <span class='ocr_line' id='line_1_30' title="bbox 281 2377 2412 2455; baseline -0 -16"><span class='ocrx_word' id='word_1_213' title='bbox 281 2377 510 2439; x_wconf 73' lang='lat' dir='ltr'><strong>Manh.</strong></span> <span class='ocrx_word' id='word_1_214' title='bbox 561 2382 654 2437; x_wconf 84' lang='lat'><strong>18:</strong></span> <span class='ocrx_word' id='word_1_215' title='bbox 707 2397 806 2436; x_wconf 91' lang='lat'><strong>22.</strong></span> <span class='ocrx_word' id='word_1_216' title='bbox 1382 2378 1700 2436; x_wconf 79' lang='lat' dir='ltr'><strong>diciorum</strong></span> <span class='ocrx_word' id='word_1_217' title='bbox 1742 2396 1973 2452; x_wconf 86' lang='lat' dir='ltr'><strong>causa,</strong></span> <span class='ocrx_word' id='word_1_218' title='bbox 2012 2378 2157 2436; x_wconf 84' lang='lat' dir='ltr'><strong>Act.</strong></span> <span class='ocrx_word' id='word_1_219' title='bbox 2185 2398 2279 2455; x_wconf 78' lang='lat'><strong>¹9²</strong></span> <span class='ocrx_word' id='word_1_220' title='bbox 2318 2398 2412 2438; x_wconf 78' lang='grc' dir='ltr'><strong>ιο.</strong></span> 
     </span>
    </p>

    <p class='ocr_par' dir='ltr' id='par_1_10' title="bbox 232 2461 2409 2708">
     <span class='ocr_line' id='line_1_31' title="bbox 232 2461 2409 2541; baseline 0 -19"><span class='ocrx_word' id='word_1_221' title='bbox 232 2461 621 2522; x_wconf 85' lang='lat' dir='ltr'><strong>Emmanuel</strong></span> <span class='ocrx_word' id='word_1_222' title='bbox 706 2461 861 2541; x_wconf 85' lang='lat' dir='ltr'><strong>qnid</strong></span> <span class='ocrx_word' id='word_1_223' title='bbox 940 2462 1257 2541; x_wconf 83' lang='lat' dir='ltr'><strong>significet</strong></span> <span class='ocrx_word' id='word_1_224' title='bbox 1289 2508 1300 2527; x_wconf 82' lang='grc'>,</span> <span class='ocrx_word' id='word_1_225' title='bbox 1338 2461 1603 2540; x_wconf 75' lang='lat' dir='ltr'><strong>Ephesii</strong></span> <span class='ocrx_word' id='word_1_226' title='bbox 1645 2466 1761 2518; x_wconf 75' lang='lat' dir='ltr'><strong>‘cur</strong></span> <span class='ocrx_word' id='word_1_227' title='bbox 1804 2461 2103 2518; x_wconf 80' lang='lat' dir='ltr'><strong>dicantur</strong></span> <span class='ocrx_word' id='word_1_228' title='bbox 2139 2483 2175 2519; x_wconf 89' lang='lat' dir='ltr'><strong>a</strong></span> <span class='ocrx_word' id='word_1_229' title='bbox 2207 2462 2409 2523; x_wconf 88' lang='lat' dir='ltr'><strong>Paulo</strong></span> 
     </span>
     <span class='ocr_line' id='line_1_32' title="bbox 277 2545 2407 2624; baseline -0.001 -16"><span class='ocrx_word' id='word_1_230' title='bbox 277 2547 433 2608; x_wconf 87' lang='lat' dir='ltr'><strong>Luc.</strong></span> <span class='ocrx_word' id='word_1_231' title='bbox 493 2566 541 2606; x_wconf 77' lang='grc' dir='ltr'><strong>ιε</strong></span> <span class='ocrx_word' id='word_1_232' title='bbox 593 2551 694 2608; x_wconf 80' lang='lat'><strong>31.</strong></span> <span class='ocrx_word' id='word_1_233' title='bbox 780 2548 864 2607; x_wconf 82' lang='lat' dir='ltr'><strong>Et</strong></span> <span class='ocrx_word' id='word_1_234' title='bbox 911 2546 1086 2604; x_wconf 83' lang='lat' dir='ltr'><strong>Iesus</strong></span> <span class='ocrx_word' id='word_1_235' title='bbox 1136 2548 1300 2605; x_wconf 85' lang='lat' dir='ltr'><strong>idem</strong></span> <span class='ocrx_word' id='word_1_236' title='bbox 1381 2547 1581 2605; x_wconf 82' lang='lat' dir='ltr'><strong>fuisse</strong></span> <span class='ocrx_word' id='word_1_237' title='bbox 1603 2546 1923 2624; x_wconf 84' lang='lat' dir='ltr'><strong>quondam</strong></span> <span class='ocrx_word' id='word_1_238' title='bbox 1950 2545 2407 2622; x_wconf 87' lang='lat' dir='ltr'><strong>sineChristo,</strong></span> 
     </span>
     <span class='ocr_line' id='line_1_33' title="bbox 273 2629 2408 2708; baseline 0.001 -18"><span class='ocrx_word' id='word_1_239' title='bbox 273 2653 553 2706; x_wconf 86' lang='lat' dir='ltr'><strong>nomen,</strong></span> <span class='ocrx_word' id='word_1_240' title='bbox 602 2631 832 2690; x_wconf 82' lang='lat' dir='ltr'><strong>Matth.</strong></span> <span class='ocrx_word' id='word_1_241' title='bbox 883 2649 932 2690; x_wconf 82' lang='lat' dir='ltr'><strong>i:</strong></span> <span class='ocrx_word' id='word_1_242' title='bbox 983 2648 1098 2704; x_wconf 88' lang='lat'><strong>22,</strong></span> <span class='ocrx_word' id='word_1_243' title='bbox 1149 2633 1304 2690; x_wconf 88' lang='lat' dir='ltr'><strong>Luc.</strong></span> <span class='ocrx_word' id='word_1_244' title='bbox 1383 2630 1548 2708; x_wconf 84' lang='lat' dir='ltr'><strong>Eph.</strong></span> <span class='ocrx_word' id='word_1_245' title='bbox 1575 2651 1632 2689; x_wconf 86' lang='lat'><strong>2:</strong></span> <span class='ocrx_word' id='word_1_246' title='bbox 1668 2648 1765 2688; x_wconf 84' lang='grc' dir='ltr'><strong>ιι.</strong></span> <span class='ocrx_word' id='word_1_247' title='bbox 1830 2629 2082 2689; x_wconf 82' lang='lat' dir='ltr'><strong>Dianae</strong></span> <span class='ocrx_word' id='word_1_248' title='bbox 2126 2633 2408 2692; x_wconf 83' lang='lat' dir='ltr'><strong>cultores</strong></span> 
     </span>
    </p>

    <p class='ocr_par' dir='ltr' id='par_1_11' title="bbox 240 2713 2412 2962">
     <span class='ocr_line' id='line_1_34' title="bbox 240 2713 2406 2794; baseline 0 -19"><span class='ocrx_word' id='word_1_249' title='bbox 240 2736 331 2794; x_wconf 68' lang='grc' dir='ltr'><strong>ιιε</strong></span> <span class='ocrx_word' id='word_1_250' title='bbox 384 2720 486 2776; x_wconf 80' lang='lat'><strong>31.</strong></span> <span class='ocrx_word' id='word_1_251' title='bbox 573 2714 1007 2774; x_wconf 79' lang='lat' dir='ltr'><strong>Emmanuelis</strong></span> <span class='ocrx_word' id='word_1_252' title='bbox 1068 2736 1299 2774; x_wconf 85' lang='lat' dir='ltr'><strong>nomen</strong></span> <span class='ocrx_word' id='word_1_253' title='bbox 1383 2714 1679 2789; x_wconf 80' lang='lat' dir='ltr'><strong>maximi,</strong></span> <span class='ocrx_word' id='word_1_254' title='bbox 1713 2713 1859 2774; x_wconf 81' lang='lat' dir='ltr'><strong>Aet.</strong></span> <span class='ocrx_word' id='word_1_255' title='bbox 1893 2733 1988 2793; x_wconf 62' lang='lat'><strong>193</strong></span> <span class='ocrx_word' id='word_1_256' title='bbox 2022 2718 2125 2776; x_wconf 79' lang='lat'><strong>35.</strong></span> <span class='ocrx_word' id='word_1_257' title='bbox 2179 2716 2406 2775; x_wconf 86' lang='lat' dir='ltr'><strong>Ionum</strong></span> 
     </span>
     <span class='ocr_line' id='line_1_35' title="bbox 268 2798 2412 2873; baseline 0 -14"><span class='ocrx_word' id='word_1_258' title='bbox 268 2802 340 2860; x_wconf 85' lang='lat' dir='ltr'><strong>in</strong></span> <span class='ocrx_word' id='word_1_259' title='bbox 383 2798 712 2859; x_wconf 87' lang='lat' dir='ltr'><strong>Christum</strong></span> <span class='ocrx_word' id='word_1_260' title='bbox 751 2800 1302 2858; x_wconf 83' lang='lat' dir='ltr'><strong>excellentissimo</strong></span> <span class='ocrx_word' id='word_1_261' title='bbox 1377 2800 1722 2873; x_wconf 80' lang='lat' dir='ltr'><strong>traduces,</strong></span> <span class='ocrx_word' id='word_1_262' title='bbox 1771 2818 1796 2857; x_wconf 85' lang='grc' dir='ltr'><strong>ι</strong></span> <span class='ocrx_word' id='word_1_263' title='bbox 1840 2798 2012 2858; x_wconf 81' lang='lat' dir='ltr'><strong>Tim.</strong></span> <span class='ocrx_word' id='word_1_264' title='bbox 2035 2802 2094 2860; x_wconf 75' lang='lat'><strong>3:</strong></span> <span class='ocrx_word' id='word_1_265' title='bbox 2129 2819 2226 2859; x_wconf 83' lang='lat'><strong>10.</strong></span> <span class='ocrx_word' id='word_1_266' title='bbox 2281 2799 2412 2860; x_wconf 89' lang='lat' dir='ltr'><strong>Eo-</strong></span> 
     </span>
     <span class='ocr_line' id='line_1_36' title="bbox 272 2880 2407 2962; baseline -0 -18"><span class='ocrx_word' id='word_1_267' title='bbox 272 2885 468 2944; x_wconf 85' lang='lat' dir='ltr'><strong>modo</strong></span> <span class='ocrx_word' id='word_1_268' title='bbox 510 2885 823 2962; x_wconf 81' lang='lat' dir='ltr'><strong>quadrat,</strong></span> <span class='ocrx_word' id='word_1_269' title='bbox 872 2882 1035 2941; x_wconf 85' lang='lat' dir='ltr'><strong>ibid.</strong></span> <span class='ocrx_word' id='word_1_270' title='bbox 1377 2905 1524 2941; x_wconf 84' lang='lat' dir='ltr'><strong>rum</strong></span> <span class='ocrx_word' id='word_1_271' title='bbox 1565 2882 1947 2941; x_wconf 84' lang='lat' dir='ltr'><strong>detestanda</strong></span> <span class='ocrx_word' id='word_1_272' title='bbox 1983 2883 2194 2957; x_wconf 73' lang='lat' dir='ltr'><strong>vitia,</strong></span> <span class='ocrx_word' id='word_1_273' title='bbox 2238 2880 2407 2962; x_wconf 83' lang='lat' dir='ltr'><strong>Eph.</strong></span> 
     </span>
    </p>

    <p class='ocr_par' dir='ltr' id='par_1_12' title="bbox 232 2964 2410 3127">
     <span class='ocr_line' id='line_1_37' title="bbox 232 2964 2410 3045; baseline -0 -17"><span class='ocrx_word' id='word_1_274' title='bbox 232 2969 560 3031; x_wconf 85' lang='lat' dir='ltr'><strong>Encaenia</strong></span> <span class='ocrx_word' id='word_1_275' title='bbox 596 2969 732 3033; x_wconf 78' lang='lat' dir='ltr'><strong>sive</strong></span> <span class='ocrx_word' id='word_1_276' title='bbox 762 2968 995 3036; x_wconf 81' lang='lat' dir='ltr'><strong>festum</strong></span> <span class='ocrx_word' id='word_1_277' title='bbox 1025 2966 1298 3025; x_wconf 87' lang='lat' dir='ltr'><strong>Dedica-</strong></span> <span class='ocrx_word' id='word_1_278' title='bbox 1375 2982 1436 3037; x_wconf 84' lang='lat'><strong>4:</strong></span> <span class='ocrx_word' id='word_1_279' title='bbox 1479 2985 1574 3045; x_wconf 84' lang='lat'><strong>19.</strong></span> <span class='ocrx_word' id='word_1_280' title='bbox 1629 2964 2058 3045; x_wconf 85' lang='lat' dir='ltr'><strong>Ephesiorum</strong></span> <span class='ocrx_word' id='word_1_281' title='bbox 2089 2966 2410 3027; x_wconf 81' lang='lat' dir='ltr'><strong>Christia-</strong></span> 
     </span>
     <span class='ocr_line' id='line_1_38' title="bbox 270 3050 2410 3127; baseline -0 -17"><span class='ocrx_word' id='word_1_282' title='bbox 270 3055 472 3112; x_wconf 80' lang='lat' dir='ltr'><strong>tionis</strong></span> <span class='ocrx_word' id='word_1_283' title='bbox 500 3096 516 3126; x_wconf 91' lang='lat'>,</span> <span class='ocrx_word' id='word_1_284' title='bbox 564 3052 703 3111; x_wconf 90' lang='lat' dir='ltr'><strong>loh.</strong></span> <span class='ocrx_word' id='word_1_285' title='bbox 753 3072 847 3112; x_wconf 85' lang='lat'><strong>10:</strong></span> <span class='ocrx_word' id='word_1_286' title='bbox 901 3070 999 3111; x_wconf 84' lang='lat'><strong>22.</strong></span> <span class='ocrx_word' id='word_1_287' title='bbox 1376 3070 1607 3108; x_wconf 82' lang='lat' dir='ltr'><strong>norum</strong></span> <span class='ocrx_word' id='word_1_288' title='bbox 1642 3050 2133 3127; x_wconf 76' lang='lat' dir='ltr'><strong>perseverantia</strong></span> <span class='ocrx_word' id='word_1_289' title='bbox 2160 3051 2230 3108; x_wconf 85' lang='lat' dir='ltr'><strong>in</strong></span> <span class='ocrx_word' id='word_1_290' title='bbox 2265 3072 2410 3126; x_wconf 87' lang='lat' dir='ltr'><strong>per-</strong></span> 
     </span>
    </p>

    <p class='ocr_par' dir='ltr' id='par_1_13' title="bbox 225 3131 2410 3298">
     <span class='ocr_line' id='line_1_39' title="bbox 225 3131 2410 3213; baseline -0.003 -14"><span class='ocrx_word' id='word_1_291' title='bbox 225 3137 610 3199; x_wconf 86' lang='lat' dir='ltr'><strong>Encratitae</strong></span> <span class='ocrx_word' id='word_1_292' title='bbox 672 3157 788 3196; x_wconf 86' lang='lat' dir='ltr'><strong>cur</strong></span> <span class='ocrx_word' id='word_1_293' title='bbox 833 3135 1015 3195; x_wconf 82' lang='lat' dir='ltr'><strong>Pauli</strong></span> <span class='ocrx_word' id='word_1_294' title='bbox 1062 3133 1300 3213; x_wconf 84' lang='lat' dir='ltr'><strong>episto·</strong></span> <span class='ocrx_word' id='word_1_295' title='bbox 1377 3131 2410 3212; x_wconf 77' lang='lat' dir='ltr'><strong>secutioneNeronis‚Act.2o:29.</strong></span> 
     </span>
     <span class='ocr_line' id='line_1_40' title="bbox 273 3217 2407 3298; baseline -0.001 -18"><span class='ocrx_word' id='word_1_296' title='bbox 273 3226 367 3282; x_wconf 85' lang='lat' dir='ltr'><strong>las</strong></span> <span class='ocrx_word' id='word_1_297' title='bbox 389 3220 1303 3298; x_wconf 64' lang='lat' dir='ltr'><strong>nonreceperint‚iTim.l4:3.</strong></span> <span class='ocrx_word' id='word_1_298' title='bbox 1379 3217 1688 3295; x_wconf 66' lang='lat' dir='ltr'><strong>Ephe-sini</strong></span> <span class='ocrx_word' id='word_1_299' title='bbox 1756 3224 2140 3276; x_wconf 85' lang='lat' dir='ltr'><strong>mercatores</strong></span> <span class='ocrx_word' id='word_1_300' title='bbox 2203 3217 2407 3277; x_wconf 86' lang='lat' dir='ltr'><strong>multa</strong></span> 
     </span>
    </p>

    <p class='ocr_par' dir='ltr' id='par_1_14' title="bbox 232 3299 2407 3465">
     <span class='ocr_line' id='line_1_41' title="bbox 232 3299 2403 3380; baseline -0.004 -14"><span class='ocrx_word' id='word_1_301' title='bbox 232 3306 594 3366; x_wconf 84' lang='lat' dir='ltr'><strong>Enochium</strong></span> <span class='ocrx_word' id='word_1_302' title='bbox 658 3315 723 3366; x_wconf 82' lang='lat' dir='ltr'><strong>et</strong></span> <span class='ocrx_word' id='word_1_303' title='bbox 788 3304 993 3362; x_wconf 78' lang='lat' dir='ltr'><strong>Eliani</strong></span> <span class='ocrx_word' id='word_1_304' title='bbox 1027 3349 1043 3375; x_wconf 90' lang='lat'>,</span> <span class='ocrx_word' id='word_1_305' title='bbox 1107 3313 1300 3362; x_wconf 84' lang='lat' dir='ltr'><strong>testes</strong></span> <span class='ocrx_word' id='word_1_306' title='bbox 1374 3302 1634 3380; x_wconf 82' lang='lat' dir='ltr'><strong>negotia</strong></span> <span class='ocrx_word' id='word_1_307' title='bbox 1716 3299 1954 3360; x_wconf 86' lang='lat' dir='ltr'><strong>Romae</strong></span> <span class='ocrx_word' id='word_1_308' title='bbox 2030 3300 2358 3360; x_wconf 86' lang='lat' dir='ltr'><strong>habebant</strong></span> <span class='ocrx_word' id='word_1_309' title='bbox 2383 3347 2403 3378; x_wconf 87' lang='lat'><em>,</em></span> 
     </span>
     <span class='ocr_line' id='line_1_42' title="bbox 275 3384 2407 3465; baseline -0.001 -18"><span class='ocrx_word' id='word_1_310' title='bbox 275 3392 426 3448; x_wconf 86' lang='lat' dir='ltr'><strong>insti</strong></span> <span class='ocrx_word' id='word_1_311' title='bbox 454 3390 681 3449; x_wconf 85' lang='lat' dir='ltr'><strong>indicii</strong></span> <span class='ocrx_word' id='word_1_312' title='bbox 713 3390 863 3461; x_wconf 87' lang='lat' dir='ltr'><strong>Dei,</strong></span> <span class='ocrx_word' id='word_1_313' title='bbox 892 3390 960 3447; x_wconf 89' lang='lat' dir='ltr'><strong>in</strong></span> <span class='ocrx_word' id='word_1_314' title='bbox 988 3388 1300 3449; x_wconf 80' lang='lat' dir='ltr'><strong>Paradiso</strong></span> <span class='ocrx_word' id='word_1_315' title='bbox 1378 3406 1414 3446; x_wconf 88' lang='lat'><em>2</em></span> <span class='ocrx_word' id='word_1_316' title='bbox 1459 3387 1630 3447; x_wconf 88' lang='lat' dir='ltr'><strong>Tim.</strong></span> <span class='ocrx_word' id='word_1_317' title='bbox 1679 3404 1732 3446; x_wconf 87' lang='lat'><strong>1:</strong></span> <span class='ocrx_word' id='word_1_318' title='bbox 1785 3406 1880 3463; x_wconf 88' lang='lat'><strong>17.</strong></span> <span class='ocrx_word' id='word_1_319' title='bbox 1945 3384 2245 3465; x_wconf 83' lang='lat' dir='ltr'><strong>Ephesiis</strong></span> <span class='ocrx_word' id='word_1_320' title='bbox 2291 3406 2407 3445; x_wconf 89' lang='lat' dir='ltr'><strong>cur</strong></span> 
     </span>
    </p>

    <p class='ocr_par' dir='ltr' id='par_1_15' title="bbox 148 3470 2409 3807">
     <span class='ocr_line' id='line_1_43' title="bbox 148 3470 2409 3548; baseline -0.002 -15"><span class='ocrx_word' id='word_1_321' title='bbox 148 3517 153 3520; x_wconf 86' lang='lat'>-</span> <span class='ocrx_word' id='word_1_322' title='bbox 272 3478 501 3534; x_wconf 76' lang='lat' dir='ltr'><strong>vivere</strong></span> <span class='ocrx_word' id='word_1_323' title='bbox 532 3475 799 3534; x_wconf 79' lang='lat' dir='ltr'><strong>traditio</strong></span> <span class='ocrx_word' id='word_1_324' title='bbox 824 3484 1041 3544; x_wconf 77' lang='lat' dir='ltr'><strong>vetus,</strong></span> <span class='ocrx_word' id='word_1_325' title='bbox 1069 3470 1302 3531; x_wconf 84' lang='lat' dir='ltr'><strong>Matth.</strong></span> <span class='ocrx_word' id='word_1_326' title='bbox 1373 3482 1500 3530; x_wconf 88' lang='lat' dir='ltr'><strong>tam</strong></span> <span class='ocrx_word' id='word_1_327' title='bbox 1542 3470 1784 3530; x_wconf 79' lang='lat' dir='ltr'><strong>eximia</strong></span> <span class='ocrx_word' id='word_1_328' title='bbox 1815 3472 2080 3530; x_wconf 80' lang='lat' dir='ltr'><strong>vocatio</strong></span> <span class='ocrx_word' id='word_1_329' title='bbox 2115 3472 2409 3548; x_wconf 84' lang='lat' dir='ltr'><strong>contige-</strong></span> 
     </span>
     <span class='ocr_line' id='line_1_44' title="bbox 272 3554 2106 3636; baseline -0.003 -18"><span class='ocrx_word' id='word_1_330' title='bbox 272 3561 330 3619; x_wconf 82' lang='lat'><strong>8:</strong></span> <span class='ocrx_word' id='word_1_331' title='bbox 369 3578 481 3636; x_wconf 54' lang='lat'><strong>11„</strong></span> <span class='ocrx_word' id='word_1_332' title='bbox 524 3558 825 3617; x_wconf 84' lang='lat' dir='ltr'><strong>Enochus</strong></span> <span class='ocrx_word' id='word_1_333' title='bbox 859 3559 1096 3617; x_wconf 83' lang='lat' dir='ltr'><strong>dicitur</strong></span> <span class='ocrx_word' id='word_1_334' title='bbox 1120 3577 1296 3615; x_wconf 88' lang='lat' dir='ltr'><strong>man·</strong></span> <span class='ocrx_word' id='word_1_335' title='bbox 1372 3557 1504 3630; x_wconf 83' lang='lat' dir='ltr'><strong>rit,</strong></span> <span class='ocrx_word' id='word_1_336' title='bbox 1556 3554 1719 3635; x_wconf 86' lang='lat' dir='ltr'><strong>Eph.</strong></span> <span class='ocrx_word' id='word_1_337' title='bbox 1771 3573 1821 3614; x_wconf 85' lang='lat'><strong>1:</strong></span> <span class='ocrx_word' id='word_1_338' title='bbox 1869 3558 1932 3615; x_wconf 83' lang='lat'><strong>5.</strong></span> <span class='ocrx_word' id='word_1_339' title='bbox 2101 3601 2106 3606; x_wconf 85' lang='grc'><strong>.</strong></span> 
     </span>
     <span class='ocr_line' id='line_1_45' title="bbox 274 3636 2405 3719; baseline -0.003 -17"><span class='ocrx_word' id='word_1_340' title='bbox 274 3646 459 3702; x_wconf 78' lang='lat' dir='ltr'><strong>desse</strong></span> <span class='ocrx_word' id='word_1_341' title='bbox 522 3643 661 3702; x_wconf 90' lang='lat' dir='ltr'><strong>filio</strong></span> <span class='ocrx_word' id='word_1_342' title='bbox 728 3641 1128 3703; x_wconf 78' lang='lat' dir='ltr'><strong>Mathusalae</strong></span> <span class='ocrx_word' id='word_1_343' title='bbox 1152 3686 1168 3712; x_wconf 90' lang='lat'>,</span> <span class='ocrx_word' id='word_1_344' title='bbox 1229 3652 1305 3698; x_wconf 84' lang='lat' dir='ltr'><strong>ut·</strong></span> <span class='ocrx_word' id='word_1_345' title='bbox 1338 3639 1614 3719; x_wconf 83' lang='lat' dir='ltr'><strong>Ephoris</strong></span> <span class='ocrx_word' id='word_1_346' title='bbox 1653 3639 1811 3699; x_wconf 88' lang='lat' dir='ltr'><strong>solis</strong></span> <span class='ocrx_word' id='word_1_347' title='bbox 1847 3638 2015 3719; x_wconf 84' lang='lat' dir='ltr'><strong>apud</strong></span> <span class='ocrx_word' id='word_1_348' title='bbox 2050 3636 2405 3716; x_wconf 78' lang='lat' dir='ltr'><strong>Spartanos</strong></span> 
     </span>
     <span class='ocr_line' id='line_1_46' title="bbox 269 3719 2405 3807; baseline -0.003 -22"><span class='ocrx_word' id='word_1_349' title='bbox 269 3728 906 3807; x_wconf 56' lang='lat' dir='ltr'><strong>posteriwtraderet,</strong></span> <span class='ocrx_word' id='word_1_350' title='bbox 952 3747 1110 3805; x_wconf 84' lang='lat' dir='ltr'><strong>qnae</strong></span> <span class='ocrx_word' id='word_1_351' title='bbox 1145 3723 1295 3784; x_wconf 55' lang='lat' dir='ltr'><strong>haeae</strong></span> <span class='ocrx_word' id='word_1_352' title='bbox 1373 3724 1617 3782; x_wconf 88' lang='lat' dir='ltr'><strong>licebat</strong></span> <span class='ocrx_word' id='word_1_353' title='bbox 1653 3722 1905 3783; x_wconf 86' lang='lat' dir='ltr'><strong>somnia</strong></span> <span class='ocrx_word' id='word_1_354' title='bbox 1945 3720 2225 3794; x_wconf 77' lang='lat' dir='ltr'><strong>referre,</strong></span> <span class='ocrx_word' id='word_1_355' title='bbox 2263 3719 2405 3779; x_wconf 87' lang='lat' dir='ltr'><strong>loh.</strong></span> 
     </span>
    </p>

    <p class='ocr_par' dir='ltr' id='par_1_16' title="bbox 218 3810 2403 3975">
     <span class='ocr_line' id='line_1_47' title="bbox 218 3810 1628 3882; baseline -0.005 -10"><span class='ocrx_word' id='word_1_356' title='bbox 218 3837 239 3844; x_wconf 69' lang='grc'><strong>·’</strong></span> <span class='ocrx_word' id='word_1_357' title='bbox 264 3812 583 3872; x_wconf 68' lang='lat' dir='ltr'><strong>reditui-ia</strong></span> <span class='ocrx_word' id='word_1_358' title='bbox 611 3812 961 3869; x_wconf 71' lang='lat' dir='ltr'><strong>traditione</strong></span> <span class='ocrx_word' id='word_1_359' title='bbox 986 3811 1295 3882; x_wconf 71' lang='lat' dir='ltr'><strong>andierat,</strong></span> <span class='ocrx_word' id='word_1_360' title='bbox 1378 3827 1402 3866; x_wconf 76' lang='grc' dir='ltr'><strong>ι</strong></span> <span class='ocrx_word' id='word_1_361' title='bbox 1428 3828 1473 3867; x_wconf 80' lang='lat'><strong>1:</strong></span> <span class='ocrx_word' id='word_1_362' title='bbox 1525 3810 1628 3865; x_wconf 74' lang='lat'><strong>51.</strong></span> 
     </span>
     <span class='ocr_line' id='line_1_48' title="bbox 256 3888 2403 3975; baseline -0.005 -20"><span class='ocrx_word' id='word_1_363' title='bbox 256 3897 412 3955; x_wconf 68' lang='lat' dir='ltr'><strong>lud.</strong></span> <span class='ocrx_word' id='word_1_364' title='bbox 465 3911 558 3966; x_wconf 73' lang='lat'><strong>14.</strong></span> <span class='ocrx_word' id='word_1_365' title='bbox 626 3893 905 3973; x_wconf 84' lang='lat' dir='ltr'><strong>Speciali</strong></span> <span class='ocrx_word' id='word_1_366' title='bbox 939 3895 1298 3975; x_wconf 74' lang='lat' dir='ltr'><strong>:privilegio</strong></span> <span class='ocrx_word' id='word_1_367' title='bbox 1335 3890 1781 3969; x_wconf 84' lang='lat' dir='ltr'><strong>Ephraimitae</strong></span> <span class='ocrx_word' id='word_1_368' title='bbox 1826 3889 1906 3946; x_wconf 83' lang='lat' dir='ltr'><strong>ab</strong></span> <span class='ocrx_word' id='word_1_369' title='bbox 1955 3888 2099 3947; x_wconf 87' lang='lat' dir='ltr'><strong>aliis</strong></span> <span class='ocrx_word' id='word_1_370' title='bbox 2147 3888 2403 3948; x_wconf 80' lang='lat' dir='ltr'><strong>Iudaeis</strong></span> 
     </span>
    </p>

    <p class='ocr_par' dir='ltr' id='par_1_17' title="bbox 218 3972 2403 4309">
     <span class='ocr_line' id='line_1_49' title="bbox 218 3972 2403 4052; baseline -0.003 -13"><span class='ocrx_word' id='word_1_371' title='bbox 218 4043 225 4048; x_wconf 63' lang='grc'><em>,</em></span> <span class='ocrx_word' id='word_1_372' title='bbox 266 4001 305 4039; x_wconf 89' lang='lat' dir='ltr'><strong>a</strong></span> <span class='ocrx_word' id='word_1_373' title='bbox 369 3989 575 4039; x_wconf 81' lang='lat' dir='ltr'><strong>morte</strong></span> <span class='ocrx_word' id='word_1_374' title='bbox 638 3980 965 4038; x_wconf 71' lang='lat' dir='ltr'><strong>immunis&#39;</strong></span> <span class='ocrx_word' id='word_1_375' title='bbox 1003 3989 1296 4037; x_wconf 75' lang='lat' dir='ltr'><strong>servatus</strong></span> <span class='ocrx_word' id='word_1_376' title='bbox 1373 3972 2403 4052; x_wconf 79' lang='lat' dir='ltr'><strong>dialectodistinguebantur,loh.</strong></span> 
     </span>
     <span class='ocr_line' id='line_1_50' title="bbox 270 4057 2401 4139; baseline -0.002 -16"><span class='ocrx_word' id='word_1_377' title='bbox 270 4066 597 4138; x_wconf 80' lang='lat' dir='ltr'><strong>cred-itur,</strong></span> <span class='ocrx_word' id='word_1_378' title='bbox 646 4064 842 4123; x_wconf 76' lang='lat' dir='ltr'><strong>Hebr.</strong></span> <span class='ocrx_word' id='word_1_379' title='bbox 889 4077 981 4122; x_wconf 69' lang='grc' dir='ltr'><strong>ιιι</strong></span> <span class='ocrx_word' id='word_1_380' title='bbox 1019 4066 1081 4122; x_wconf 85' lang='grc'><strong>6.</strong></span> <span class='ocrx_word' id='word_1_381' title='bbox 1147 4062 1296 4121; x_wconf 84' lang='lat' dir='ltr'><strong>Eius</strong></span> <span class='ocrx_word' id='word_1_382' title='bbox 1368 4073 1430 4130; x_wconf 82' lang='lat'><strong>4:</strong></span> <span class='ocrx_word' id='word_1_383' title='bbox 1481 4080 1541 4139; x_wconf 90' lang='grc'><strong>9.</strong></span> <span class='ocrx_word' id='word_1_384' title='bbox 1628 4057 2130 4138; x_wconf 82' lang='lat' dir='ltr'><strong>Ephraimiticae</strong></span> <span class='ocrx_word' id='word_1_385' title='bbox 2193 4058 2401 4120; x_wconf 84' lang='lat' dir='ltr'><strong>tribus</strong></span> 
     </span>
     <span class='ocr_line' id='line_1_51' title="bbox 258 4125 2403 4223; baseline -0.003 -16"><span class='ocrx_word' id='word_1_386' title='bbox 258 4150 649 4208; x_wconf 69' lang='lat' dir='ltr'><strong>vaticinium</strong></span> <span class='ocrx_word' id='word_1_387' title='bbox 696 4150 776 4208; x_wconf 91' lang='lat' dir='ltr'><strong>de</strong></span> <span class='ocrx_word' id='word_1_388' title='bbox 815 4149 1035 4205; x_wconf 82' lang='lat' dir='ltr'><strong>futuro</strong></span> <span class='ocrx_word' id='word_1_389' title='bbox 1076 4147 1298 4206; x_wconf 85' lang='lat' dir='ltr'><strong>mnndi</strong></span> <span class='ocrx_word' id='word_1_390' title='bbox 1372 4144 1661 4221; x_wconf 86' lang='lat' dir='ltr'><strong>reliquae</strong></span> <span class='ocrx_word' id='word_1_391' title='bbox 1683 4152 1827 4223; x_wconf 87' lang='lat' dir='ltr'><strong>post</strong></span> <span class='ocrx_word' id='word_1_392' title='bbox 1851 4142 2097 4201; x_wconf 86' lang='lat' dir='ltr'><strong>cladem</strong></span> <span class='ocrx_word' id='word_1_393' title='bbox 2117 4143 2195 4202; x_wconf 85' lang='lat' dir='ltr'><strong>ab</strong></span> <span class='ocrx_word' id='word_1_394' title='bbox 2211 4125 2403 4222; x_wconf 60' lang='lat' dir='ltr'><strong>Ieph-</strong></span> 
     </span>
     <span class='ocr_line' id='line_1_52' title="bbox 264 4227 2401 4309; baseline -0.002 -19"><span class='ocrx_word' id='word_1_395' title='bbox 264 4234 605 4309; x_wconf 83' lang='lat' dir='ltr'><strong>incendio,</strong></span> <span class='ocrx_word' id='word_1_396' title='bbox 653 4231 886 4293; x_wconf 60' lang='lat' dir='ltr'><strong>matth.</strong></span> <span class='ocrx_word' id='word_1_397' title='bbox 928 4234 1027 4290; x_wconf 51' lang='lat'><strong>¹28:</strong></span> <span class='ocrx_word' id='word_1_398' title='bbox 1073 4251 1135 4309; x_wconf 87' lang='grc'><strong>9.</strong></span> <span class='ocrx_word' id='word_1_399' title='bbox 1212 4271 1217 4278; x_wconf 89' lang='lat'>-</span> <span class='ocrx_word' id='word_1_400' title='bbox 1370 4240 1439 4288; x_wconf 89' lang='lat' dir='ltr'><strong>ta</strong></span> <span class='ocrx_word' id='word_1_401' title='bbox 1476 4229 1723 4286; x_wconf 88' lang='lat' dir='ltr'><strong>illatam</strong></span> <span class='ocrx_word' id='word_1_402' title='bbox 1769 4246 1835 4285; x_wconf 85' lang='lat' dir='ltr'><strong>se</strong></span> <span class='ocrx_word' id='word_1_403' title='bbox 1877 4227 2288 4287; x_wconf 78' lang='lat' dir='ltr'><strong>contulerunt</strong></span> <span class='ocrx_word' id='word_1_404' title='bbox 2329 4229 2401 4285; x_wconf 89' lang='lat' dir='ltr'><strong>in</strong></span> 
     </span>
    </p>

    <p class='ocr_par' dir='ltr' id='par_1_18' title="bbox 220 4309 2402 4479">
     <span class='ocr_line' id='line_1_53' title="bbox 220 4309 2401 4398; baseline -0.005 -21"><span class='ocrx_word' id='word_1_405' title='bbox 220 4316 560 4397; x_wconf 72' lang='lat' dir='ltr'><strong>Epaphras</strong></span> <span class='ocrx_word' id='word_1_406' title='bbox 612 4327 669 4375; x_wconf 85' lang='lat' dir='ltr'><strong>et</strong></span> <span class='ocrx_word' id='word_1_407' title='bbox 723 4314 1201 4398; x_wconf 81' lang='lat' dir='ltr'><strong>Epaphroditus</strong></span> <span class='ocrx_word' id='word_1_408' title='bbox 1242 4314 1291 4371; x_wconf 90' lang='lat' dir='ltr'><strong>i-</strong></span> <span class='ocrx_word' id='word_1_409' title='bbox 1370 4315 1592 4372; x_wconf 80' lang='lat' dir='ltr'><strong>urbem</strong></span> <span class='ocrx_word' id='word_1_410' title='bbox 1629 4309 1933 4392; x_wconf 75' lang='lat' dir='ltr'><strong>Ephraim</strong></span> <span class='ocrx_word' id='word_1_411' title='bbox 1957 4356 1977 4386; x_wconf 89' lang='lat'>‚</span> <span class='ocrx_word' id='word_1_412' title='bbox 2005 4310 2147 4371; x_wconf 87' lang='lat' dir='ltr'><strong>loh.</strong></span> <span class='ocrx_word' id='word_1_413' title='bbox 2177 4328 2269 4370; x_wconf 81' lang='lat'><strong>11:</strong></span> <span class='ocrx_word' id='word_1_414' title='bbox 2296 4315 2401 4378; x_wconf 79' lang='lat'><strong>54.</strong></span> 
     </span>
     <span class='ocr_line' id='line_1_54' title="bbox 270 4394 2402 4479; baseline -0.004 -21"><span class='ocrx_word' id='word_1_415' title='bbox 270 4402 411 4460; x_wconf 82' lang='lat' dir='ltr'><strong>dem</strong></span> <span class='ocrx_word' id='word_1_416' title='bbox 473 4417 747 4475; x_wconf 84' lang='lat' dir='ltr'><strong>nomen,</strong></span> <span class='ocrx_word' id='word_1_417' title='bbox 814 4401 957 4459; x_wconf 82' lang='lat' dir='ltr'><strong>col.</strong></span> <span class='ocrx_word' id='word_1_418' title='bbox 1017 4419 1057 4458; x_wconf 75' lang='grc' dir='ltr'><strong>ι.</strong></span> <span class='ocrx_word' id='word_1_419' title='bbox 1100 4400 1303 4478; x_wconf 61' lang='lat' dir='ltr'><strong>praes.</strong></span> <span class='ocrx_word' id='word_1_420' title='bbox 1334 4398 1610 4479; x_wconf 70' lang='lat' dir='ltr'><strong>Ephrem</strong></span> <span class='ocrx_word' id='word_1_421' title='bbox 1655 4405 1718 4456; x_wconf 77' lang='lat' dir='ltr'><strong>et</strong></span> <span class='ocrx_word' id='word_1_422' title='bbox 1761 4394 2024 4474; x_wconf 85' lang='lat' dir='ltr'><strong>Ephron</strong></span> <span class='ocrx_word' id='word_1_423' title='bbox 2067 4394 2256 4453; x_wconf 87' lang='lat' dir='ltr'><strong>urbes</strong></span> <span class='ocrx_word' id='word_1_424' title='bbox 2300 4394 2402 4453; x_wconf 88' lang='lat' dir='ltr'><strong>di-</strong></span> 
     </span>
    </p>
   </div>
   <div class='ocr_carea' id='block_1_4' title="bbox 273 4479 2403 4638">
    <p class='ocr_par' dir='ltr' id='par_1_19' title="bbox 273 4479 2403 4638">
     <span class='ocr_line' id='line_1_55' title="bbox 273 4479 2367 4623; baseline -0.006 -79"><span class='ocrx_word' id='word_1_425' title='bbox 273 4483 753 4566; x_wconf 73' lang='lat' dir='ltr'><strong>Epsphroditns</strong></span> <span class='ocrx_word' id='word_1_426' title='bbox 817 4487 1009 4545; x_wconf 79' lang='lat' dir='ltr'><strong>cuias-</strong></span> <span class='ocrx_word' id='word_1_427' title='bbox 1044 4483 1298 4560; x_wconf 64' lang='lat' dir='ltr'><strong>fuerit,</strong></span> <span class='ocrx_word' id='word_1_428' title='bbox 1369 4495 1640 4557; x_wconf 69' lang='lat' dir='ltr'><strong>versae,</strong></span> <span class='ocrx_word' id='word_1_429' title='bbox 1689 4479 1828 4623; x_wconf 64' lang='lat' dir='ltr'><strong>IFoh.</strong></span> <span class='ocrx_word' id='word_1_430' title='bbox 1878 4500 1969 4539; x_wconf 84' lang='lat'><strong>11:</strong></span> <span class='ocrx_word' id='word_1_431' title='bbox 2015 4482 2117 4547; x_wconf 73' lang='lat'><strong>54.</strong></span> <span class='ocrx_word' id='word_1_432' title='bbox 2225 4558 2266 4617; x_wconf 60' lang='lat' dir='ltr'>F</span> <span class='ocrx_word' id='word_1_433' title='bbox 2323 4558 2367 4616; x_wconf 68' lang='lat' dir='ltr'><strong>h</strong></span> 
     </span>
     <span class='ocr_line' id='line_1_56' title="bbox 1773 4586 2403 4638; baseline -0.014 -15"><span class='ocrx_word' id='word_1_434' title='bbox 1773 4587 1808 4623; x_wconf 84' lang='lat'><em>2</em></span> <span class='ocrx_word' id='word_1_435' title='bbox 2257 4586 2318 4638; x_wconf 55' lang='grc' dir='ltr'><strong>,μ</strong></span> <span class='ocrx_word' id='word_1_436' title='bbox 2370 4591 2403 4604; x_wconf 87' lang='grc'>-</span> 
     </span>
    </p>
   </div>
  </div>
 </body>
</html>
