2779 5085
403 257 484 314 ιο
876 232 885 241 ’
1234 226 1762 307 lNDEx

432 404 645 488 gendo
700 395 1051 463 secundum
1097 402 1300 484 legent
1345 400 1465 461 ho·
1500 402 1927 464 Alabastrites
1955 448 1975 481 ‚
2038 404 2204 487 lapis
2230 451 2251 484 ,
2341 406 2582 467 Matth-

426 510 543 551 mo-
569 489 828 549 assuelit
866 489 947 548 ad
982 489 1294 547 iustitiam
1320 498 1464 546 car·
1543 489 1638 547 261
1690 508 1750 568 7.

426 577 644 635 nalem
702 582 769 633 et
814 574 1168 651 praemium
1213 572 1457 632 haben·
1499 573 1858 634 Alacritate
1885 582 1950 634 et
1984 574 2146 651 fide,
2181 594 2317 635 non
2339 572 2576 636 labore

390 669 551 719 ‘tem
612 659 1012 739 temporale,
1065 658 1203 716 Gal.
1252 669 1308 719 21
1370 657 1461 715 16.
1535 664 1600 716 et
1658 659 1893 719 sudore
1951 677 2111 740 opus
2167 668 2317 737 est,
2387 660 2578 721 Rom.

425 743 706 824 Agentis
762 740 1023 803 sinendi
1080 747 1457 822 potestatem
1542 760 1636 801 101
1681 763 1748 823 9.
2359 770 2368 775 ·

420 822 699 901 habent,
745 826 887 885 10111
919 826 978 886 61
1022 831 1121 906 39.
1182 827 1304 908 Agi
1339 849 1459 908 pro
1495 826 1654 885 Alae
1722 828 1937 911 fugam
2000 836 2280 906 notant,
2361 830 2572 908 Apoc.

425 908 744 984 animari,
791 910 974 975 Rom.
1012 911 1071 972 8:
1120 924 1216 982 14.
1540 927 1633 971 121
1670 926 1766 985 14.
1807 915 1969 975 Alae
2003 934 2116 973 sex
2153 926 2425 995 quorum
2464 934 2576 973 re-

381 996 556 1077 Ager
595 995 815 1074 figuli,
860 994 1088 1055 Matth.
1123 1004 1219 1075 27:
1250 1005 1308 1074 ᾷ.
1366 994 1455 1056 A·
1530 996 1725 1076 migio
1785 999 1869 1058 ad
1925 999 2161 1057 solium
2218 997 2342 1059 Dei
2386 998 2569 1076 itur,

419 1102 537 1162 ger
597 1099 790 1160 purus
856 1079 1194 1139 dicebatur
1250 1080 1457 1140 tutela
1533 1081 1736 1160 Apoc.
1777 1094 1837 1153 41
1884 1084 1947 1141 8.
2044 1116 2058 1134 ι
2179 1081 2184 1084 ’

364 1200 371 1209 -
419 1162 856 1239 monumenti,
909 1163 1138 1224 Mattha
1188 1169 1285 1226 281
1334 1184 1394 1230 2.
1490 1165 1750 1243 Alasia,
1797 1167 2079 1228 Laesaea
2113 1174 2179 1226 et
2206 1165 2565 1244 Thalessa,

378 1249 594 1331 Agina
635 1248 823 1327 quid,
875 1248 1059 1309 Rom.
1100 1251 1157 1310 81
1206 1243 1301 1310 18.
1529 1251 1795 1311 nomina
1861 1250 2149 1311 civitatis
2221 1252 2500 1327 Cretae,

376 1336 592 1416 Agnes
640 1332 922 1413 Martyr‚
965 1333 1194 1394 Matth.
1222 1346 1320 1413 27:
1352 1337 1451 1412 37.
1527 1336 1672 1394 Act.
1718 1354 1819 1417 27:
1868 1338 1930 1396 8.

252 1414 257 1419 ’
376 1420 599 1499 Agnus
625 1462 646 1494 ,
690 1417 764 1477 id
809 1426 908 1477 est
951 1418 1282 1495 Christus,
1315 1420 1451 1478 Deo
1486 1417 1742 1479 Albarii
1779 1418 1995 1500 operis
2023 1417 2426 1499 comparatio
2451 1417 2571 1477 Iu-

411 1502 782 1585 proximus,
814 1501 1014 1563 Hebr.
1045 1524 1095 1564 1:
1126 1507 1186 1565 3.
1230 1504 1448 1585 Agnus
1527 1504 1705 1564 daeis
1719 1505 1957 1564 usitata
1978 1505 2061 1563 ad
2078 1504 2400 1564 notandos
2422 1517 2571 1561 mo·-

412 1587 539 1647 Dei
605 1587 846 1647 dicitur
895 1585 1190 1647 Christus
1217 1633 1237 1664 ‚
1308 1587 1447 1648 1011.
1522 1609 1625 1647 res
1650 1598 2059 1669 personatos,
2087 1588 2314 1648 Matth.
2339 1591 2567 1664 23127.

414 1691 471 1732 11
519 1691 626 1751 29.
679 1673 897 1760 Agnus
946 1672 1067 1732 Dei
1082 1718 1122 1752 „
1147 1671 1274 1732 hoc
1315 1681 1445 1749 est,
1483 1673 1718 1733 Album
1746 1674 2059 1749 coeleste,
2106 1672 2302 1733 Hebr·
2333 1674 2565 1732 12123.

410 1756 794 1816 emundator
818 1757 1067 1835 mundi,
1085 1758 1224 1817 1011.
1242 1770 1448 1828 10141.
1481 1758 1842 1818 Alcoranus
1864 1779 1944 1820 ex
1970 1753 2474 1825 traditionibus]
2482 1765 2565 1812 11-

409 1841 632 1921 Agnus
660 1839 988 1901 Paschalis
1006 1889 1027 1922 ‚
1072 1841 1214 1902 1011.
1242 1860 1294 1901 11
1326 1861 1443 1922 29;
1522 1841 1830 1903 daeorum
1855 1843 2057 1903 multa
2071 1841 2293 1920 habet,
2322 1838 2558 1901 Matth.

409 1924 725 1984 edebatur
820 1925 925 1986 die
1015 1946 1443 2007 paraseeves;
1521 1945 1622 1986 22:
1670 1930 1774 1989 28.

410 2008 644 2070 Matth.
669 2029 767 2087 271
798 2009 914 2084 62;
944 2010 1267 2091 perfectus
1306 2030 1445 2070 esse
1480 2009 1750 2070 Aleator
1810 2017 2055 2089 quanto
2120 2010 2194 2069 in
2262 2019 2403 2069 arte
2461 2016 2562 2069 est

412 2092 729 2167 debebat,
785 2110 808 2152 1
843 2094 1013 2155 Petr.
1057 2115 1110 2155 11
1164 2114 1273 2174 193
1313 2094 1445 2174 sig-
1519 2092 1749 2154 melior
1814 2102 1999 2153 tanto
2065 2101 2167 2154 est
2229 2093 2557 2175 nequior,

404 2198 561 2238 num
588 2178 991 2238 liberationis
1018 2198 1097 2238 ex
1121 2178 1439 2259 Aegypto,
1520 2177 1687 2257 Eph.
1730 2190 1793 2249 4:
1848 2191 1946 2249 14·

406 2261 640 2322 Matth.
672 2279 725 2321 1:
758 2281 870 2335 22;
919 2263 1169 2343 signum
1208 2272 1274 2323 et
1303 2282 1439 2324 11111-
1479 2259 1716 2322 Alendi
1754 2269 2165 2343 praeceptum
2202 2261 2452 2322 includi
2479 2262 2554 2323 in

406 2347 530 2409 bra
590 2344 875 2421 Christi,
931 2346 1161 2407 Matth.
1213 2366 1266 2409 11
1318 2368 1440 2428 22,
1517 2356 1859 2429 praecepto
1902 2347 2276 2410 honorandi
2316 2362 2559 2429 paren·-

415 2449 451 2489 ι
495 2429 647 2490 Cor.
688 2432 750 2491 51
798 2450 858 2506 7.
1212 2428 1223 2431 ’
1514 2441 1654 2509 tes,
1703 2432 1886 2491 aiunt
1928 2431 2251 2507 Hebraei,
2303 2452 2329 2492 1
2382 2431 2556 2493 Tim.

366 2513 676 2598 Agricola
698 2559 716 2589 ‚
763 2514 992 2575 Matth.
1028 2537 1088 2596 9:
1117 2518 1207 2598 ,38
1230 2565 1251 2596 ,
1299 2515 1442 2578 Ioh.
1513 2520 1574 2579 51
1606 2520 1667 2580 3.
1704 2517 1943 2578 Alendi
1968 2527 2121 2577 sunt
2141 2516 2414 2579 honeste
2437 2516 2553 2598 qui

412 2603 509 2661 15:
545 2620 598 2660 1.
645 2600 984 2683 Agricolas
1018 2601 1287 2662 foenore
1327 2624 1441 2682 op-
1517 2603 1795 2663 alioruin
1854 2603 2049 2663 saluti
2097 2604 2552 2684 procurandae

406 2685 690 2766 primere
739 2685 1204 2746 odiosissimum
1233 2731 1251 2761 ‚
1283 2686 1441 2746 Luc.
1515 2695 1803 2762 vacant,
1853 2686 2082 2746 Matth.
2137 2705 2232 2748 101
2281 2688 2343 2746 8.

404 2768 466 2829 61
498 2772 598 2830 35.
648 2769 1095 2851 Agriculturae
1131 2771 1440 2831 simititu-
1474 2772 1851 2832 Alexander
1878 2766 2188 2831 Antiochi
2216 2770 2388 2832 filius
2429 2770 2557 2830 im·-

410 2854 540 2928 do,
587 2853 730 2913 Ioh.
782 2858 875 2916 151
929 2874 989 2921 1.
1515 2855 1893 2917 munitatem
1979 2855 2215 2915 tribuit
2290 2856 2552 2917 civitati

362 2938 652 3018 Agrippa
675 2939 846 2999 unde
869 2941 1144 3001 haberet
1168 2961 1402 3001 nomen
1416 2988 1436 3022 ‚
1512 2940 2040 3022 Hierosolyma,
2065 2939 2296 3001 Matth.
2322 2954 2420 3011 241
2453 2944 2560 3002 16.

405 3024 549 3083 Act.
573 3027 669 3088 131
696 3042 795 3106 243
824 3045 1049 3087 aureas
1079 3032 1339 3086 catenas
1364 3027 1434 3086 in
1472 3026 1851 3087 Alexander
1874 3070 1895 3102 ‚
1960 3026 2148 3086 saber
2209 3025 2498 3086 aerarius
2526 3069 2549 3101 ,
2642 3081 2645 3086 .

399 3110 642 3191 templo
683 3111 1056 3190 suspendit,
1105 3111 1307 3171 Marc.
1337 3130 1432 3173 12:
1514 3110 1697 3170 Pauli
1722 3118 2093 3185 accusator,
2129 3110 2273 3175 Act.
2305 3129 2399 3190 19:
2429 3114 2545 3185 333

397 3206 525 3267 4¹3
607 3214 752 3254 cum
821 3194 1132 3255 Romanis
1194 3197 1434 3256 bellum
1511 3194 2542 3276 Ephesihabitsvit‚1‘1’im.1:20;

270 3345 273 3352 N
396 3277 654 3337 ludaeis
698 3279 931 3354 insert,
973 3280 1204 3345 Matth.
1231 3296 1331 3352 241
1366 3302 1431 3360 73
1506 3300 1633 3360 qua,
1666 3280 1923 3340 ratione
1967 3280 2168 3341 Paulo
2202 3282 2546 3360 nocuerit,

400 3377 519 3420 cur
559 3382 597 3420 a
633 3363 832 3422 Paulo
870 3374 1138 3445 negetur
1168 3365 1433 3448 ignarus
1508 3383 1548 3425 2
1594 3364 1762 3424 Tim.
1809 3376 1870 3436 41
1925 3376 2019 3435 14.
2121 3439 2122 3442 ¹
2173 3414 2180 3421 .

392 3464 609 3506 rerum
640 3468 676 3507 a
702 3447 846 3507 Iesu
870 3451 1216 3528 gestarum,
1246 3451 1431 3511 Rom.
1466 3449 1841 3510 Alexander
1889 3443 2170 3509 Simonis
2216 3447 2544 3528 Cyrenaei

398 3541 498 3591 101
533 3533 629 3591 18.
694 3530 973 3593 Herodis
1002 3534 1326 3616 Agrippae
1351 3537 1442 3596 fi-·
1505 3533 1722 3612 filius,
1775 3533 1981 3593 Marci
2028 3533 2311 3611 aequalis
2341 3580 2359 3610 ‚
2407 3535 2543 3594 Ro-

392 3615 517 3676 lius
544 3660 564 3693 ‚
608 3616 836 3697 quibus
883 3619 1261 3700 regionibus
1306 3622 1434 3681 im-
1503 3638 1645 3679 mae
1713 3619 1930 3698 vixit,
2014 3617 2213 3676 Marc.
2281 3620 2375 3679 151
2441 3636 2544 3681 21.

390 3700 744 3780 peraverit,
780 3702 921 3763 Act.
946 3713 1042 3775 241
1073 3723 1170 3779 10,
1200 3709 1300 3767 251
1333 3710 1429 3769 13.
1465 3703 1843 3764 Alexandro
1893 3702 2236 3780 Macedoni
2296 3703 2543 3766 militm

391 3783 527 3843 Sub
577 3787 862 3868 Agrippa
910 3788 1082 3870 Rege
1126 3790 1257 3849 alta
1299 3812 1428 3871 pax
1503 3798 1660 3848 runt
1703 3787 1924 3849 ludaei
1951 3832 1971 3863 ‚
2020 3787 2178 3853 Luc.
2230 3791 2302 3871 3².
2337 3798 2433 3860 14.

392 3867 649 3929 Iudaeis
697 3879 879 3948 erat,
929 3873 1134 3955 Apoc.
1179 3895 1239 3957 7:
1290 3895 1346 3935 1·.
1468 3873 1906 3935 Alexandriae
1965 3872 2268 3953 frequens
2325 3887 2544 3936 sermo

350 3953 498 4025 Ah,
546 3952 752 4014 Marc.
802 3975 856 4017 11
908 3972 1008 4029 24.
1506 3960 1786 4018 Graecus
1816 4005 1832 4032 ,
1885 3960 2028 4023 Act.
2071 3959 2129 4017 61
2176 3975 2199 4015 1
2229 4001 2247 4031 ,
2303 3972 2397 4018 111
2439 3974 2543 4020 2ο.
2631 4015 2636 4018 Α

351 4038 572 4097 Ainan
608 4038 774 4100 villa
797 4065 815 4115 5
861 4040 1001 4101 1011.
1042 4047 1101 4106 31
1154 4047 1257 4106 23.
1505 4044 1940 4103 Alexandrini
1984 4042 2298 4101 Car-ubam
2337 4056 2546 4124 quen·-

348 4123 573 4183 Ainon
635 4144 872 4185 nomen
934 4126 1140 4188 sontis
1195 4129 1268 4188 iu
1312 4126 1425 4188 Iu·-
1506 4129 1652 4188 dam
1712 4137 2032 4188 ornarunt
2091 4130 2278 4207 regni
2338 4129 2546 4211 insig-

387 4207 598 4284 daea,
646 4206 786 4267 loh.
831 4211 1043 4274 3123.
1502 4212 1633 4272 niis
1716 4213 1786 4272 in
1865 4210 2219 4271 ludibrium
2302 4214 2545 4294 Agrip·
2635 4233 2642 4240 ¹

349 4291 589 4352 Akibas
648 4290 858 4353 Rabbi
914 4294 1245 4377 antiquior
1312 4317 1429 4357 ex·
1489 4299 1657 4377 pue,
1698 4296 1928 4357 Matth.
1964 4316 2064 4375 271
2106 4298 2207 4357 28.
2254 4299 2546 4358 Alexan-

390 4377 539 4437 silio
635 4376 1084 4460 Babylonico,
1191 4380 1425 4443 Matth.
1503 4382 1735 4442 drinae
1788 4400 1991 4450 naves
2051 4400 2167 4440 cur
2215 4383 2392 4442 solae
2434 4385 2536 4444 ius

398 4464 493 4524 151
546 4483 605 4525 2.
1146 4485 1150 4490 ’
1469 4466 1829 4530 -liabebant
1898 4468 1982 4527 ad
2058 4466 2320 4529 italicas
2388 4490 2537 4529 oras

2429 4574 2547 4635 ap-
