2779 5085
377 250 497 296 112

1194 218 1724 285 INDEX

407 410 543 451 non
578 387 796 447 statim
836 384 1045 466 perit,
1081 381 1136 443 si
1180 381 1461 463 quando¹
1513 382 1636 442 Dei
1674 380 2011 458 conditus,
2047 380 2282 444 matth.
2305 394 2402 454 24·
2435 378 2542 465 38.

386 475 575 541 sorte
637 473 707 531 in
771 472 899 530 loci
958 469 1067 528 vel
1124 469 1433 549 temporis
1512 470 1567 527 A
1595 469 1733 527 Deo
1758 468 1968 527 factus
1994 477 2065 526 ut
2090 489 2229 527 eum
2260 470 2539 542 coleret,

404 558 851 638 designatione
890 552 1239 633 historicus
1276 554 1433 612 titu-
1515 568 1543 613 1
1619 553 1770 611 Cor.
1835 555 1895 613 8:
1960 551 2043 628 6,
2114 551 2282 632 Eph.
2351 569 2408 613 1.
2471 566 2541 622 4.

399 643 699 717 baverit,
759 642 905 700 Act.
953 660 1010 717 7:
1066 659 1127 720 3.

1210 636 1430 705 Histo-
1509 635 1710 696 Nihil
1729 637 1884 696 boni
1928 644 2137 716 potest
2179 637 2319 697 sine
2357 635 2546 713 Dec,

399 728 643 788 riarum
704 725 1053 804 scriptores
1111 722 1430 819 quomodo
1510 721 1883 802 Matth.19·
1936 739 2033 801 17.
2101 721 2218 780 Dei
2264 743 2383 801 ope
2428 744 2543 802 po..

400 812 656 871 soleant
742 810 945 869 libros
1038 807 1428 885 posteriores

400 917 544 955 cum
611 893 937 975 prioribus
996 902 1427 967 connectere,

403 982 546 1041 Act.
595 998 647 1039 ιε
697 997 753 1038 2.
820 975 1171 1034 Historiam
1218 976 1429 1036 Abra-

398 1064 616 1138 hami,
659 1060 908 1148 Issaei,
957 1059 1177 1119 Iacobi
1217 1070 1283 1121 et
1326 1060 1428 1133 lo-

400 1140 625 1228 sephi
626 1167 740 1205 cur
779 1103 1026 1225 legibus
1064 1146 1194 1204 suis
1238 1163 1425 1225 prae-

398 1233 686 1310 posuerit
725 1231 969 1303 Moses,
1016 1228 1199 1288 Rom.
1228 1243 1288 1300 4:
1327 1246 1428 1308 23.

356 1315 671 1377 Historici
737 1335 928 1393 saepe
990 1334 1206 1374 rerum
1271 1334 1427 1373 con-

395 1420 708 1461 nexarum
735 1444 753 1474 ‚
784 1419 915 1457 non
941 1405 1298 1478 temporum
1327 1418 1422 1457 se·

395 1494 680 1564 quuntur
704 1484 934 1542 seriem
952 1527 970 1557 ‚
1000 1482 1159 1542 Luc.
1183 1483 1388 1563 22:63
1407 1525 1425 1555 ‚

397 1569 541 1630 Ioh.
575 1569 634 1629 6:
678 1589 793 1650 13,
838 1568 1037 1646 Apoc.
1061 1588 1119 1648 9:
1156 1588 1209 1626 1.
1279 1567 1426 1626 His-

395 1655 764 1714 toricorum-
843 1653 1268 1731 cogitationes
1355 1653 1427 1710 in

393 1738 690 1799 historiis
734 1736 978 1817 positae
1019 1748 1203 1796 extra
1226 1736 1426 1797 histo-

391 1824 526 1884 rias
569 1821 931 1882 sententiae
974 1822 1166 1897 fiunt,
1193 1820 1426 1887 Matth.

396 1908 499 1968 26:
573 1926 673 1988 3ι.
805 1905 1170 1966 Historicos
1251 1906 1428 1965 nihil

397 2000 654 2072 oportet
695 1990 983 2051 scribere
1026 2011 1210 2068 quam
1255 1991 1428 2070 quod

396 2085 622 2136 exacte
672 2083 967 2150 norunt,
1032 2074 1188 2134 Luc.
1252 2096 1306 2136 ιε
1368 2096 1425 2136 2.

395 2158 760 2220 Historicus
840 2180 1051 2217 sermo
1130 2159 1423 2237 picturae

398 2245 692 2305 conferri
731 2245 934 2317 solet,
982 2242 1122 2300 Gal.
1169 2262 1224 2321 3:
1277 2262 1331 2300 1.

354 2326 566 2388 Hodie
606 2337 879 2387 vocatur
904 2326 1130 2385 festum
1161 2326 1422 2384 fixionis

394 2412 963 2472 tabernaculorum
990 2455 1008 2487 ,
1093 2409 1292 2470 Hebr.
1364 2431 1420 2490 3:

397 2518 481 2577 7,
553 2517 649 2579 13.
743 2494 1052 2575 Usurpari
1117 2497 1287 2554 solet
1346 2497 1423 2556 de

391 2590 520 2641 tem
532 2581 790 2661 poribus
816 2580 1091 2660 insignis
1111 2580 1422 2658 laetitiae,

394 2663 593 2725 Hebr.
644 2683 696 2726 1:
742 2668 804 2725 5.
878 2684 884 2690 ·

350 2748 811 2809 Holocaustum
871 2749 1058 2827 quale
1108 2746 1422 2808 sacrifici-

392 2854 538 2909 um,
572 2836 774 2895 Marc.
800 2855 858 2912 9:
886 2847 999 2910 49,
1031 2832 1210 2891 Rom.
1241 2850 1421 2894 12:1.

382 2920 801 2998 Impenditur
840 2926 1084 2975 tantum
1126 2926 1195 2975 ut
1232 2917 1420 2996 appa-

388 3013 535 3065 reat
572 3004 668 3063 ius
695 3024 1002 3062 summum
1032 3003 1189 3075 Dei,
1218 3005 1420 3063 Maic.

390 3111 450 3171 9:
499 3102 603 3167 49.
688 3088 931 3160 Quibus
993 3087 1258 3146 vocibus
1307 3108 1416 3147 ex

390 3174 587 3254 primi
629 3174 874 3244 soleat,
915 3170 1099 3229 Rom.
1142 3190 1236 3233 12:
1278 3190 1332 3233 Ι.

349 3258 690 3324 Homerum
727 3258 1037 3336 Syrorum
1077 3257 1415 3316 locutioni

1505 813 1634 865 test
1658 806 1902 886 aliquid
1934 805 2230 865 conferre
2253 807 2334 866 ad
2358 827 2540 865 suam

1509 892 2043 966 conversionem,
2087 909 2125 950 2
2155 890 2323 949 Tim.
2347 911 2405 951 2:
2435 907 2542 953 21·

1507 974 1606 1034 Ex
1633 984 1806 1035 terra
1829 969 2110 1054 sumptus
2130 982 2343 1035 terrae
2365 997 2542 1036 com·
2575 1034 2580 1039 ,

1505 1068 1761 1138 paratur
1783 1104 1801 1133 ,
1833 1058 2029 1120 Hebr.
2054 1059 2112 1118 6:
2143 1079 2203 1135 7.
2266 1059 2367 1120 Ex
2396 1062 2539 1121 luto

1475 1178 1476 1181 =
1502 1142 1712 1202 factus
1735 1188 1753 1218 ‚
1780 1144 1989 1204 luteos
2015 1142 2214 1202 habet
2235 1143 2497 1205 affectus
2515 1188 2537 1221 ,

1953 1228 2127 1308 Opus
2169 1225 2366 1289 habet
2414 1231 2543 1289 ali-
2625 1281 2646 1291 ι

1503 1225 1646 1288 Ioh.
1691 1248 1751 1308 9:
1805 1230 1866 1286 6.

1504 1321 1719 1372 mento
1737 1357 1756 1388 ,
1783 1313 2192 1372 successione
2209 1358 2227 1388 ‚
2249 1313 2501 1373 iustitia
2514 1357 2536 1390 ,

1504 1396 1663 1456 Luc.
1708 1416 1809 1458 20:
1858 1410 1956 1478 34.
2035 1399 2189 1457 Cum
2235 1419 2385 1458 caro
2429 1421 2540 1479 ap-

1502 1481 1816 1561 pellatur,
1845 1484 1917 1541 fit
1954 1483 2036 1542 ad
2070 1482 2302 1541 fastum
2330 1485 2540 1563 repri-

1503 1566 1836 1639 mendum,
1870 1584 1895 1627 1
1925 1566 2074 1626 Cor.
2101 1584 2281 1647 1:29.
2320 1567 2410 1626 Νε
2431 1569 2536 1627 sui

1479 1652 1753 1729 ‚quidem
1784 1653 2100 1710 Dominus
2132 1661 2263 1727 est,
2301 1651 2539 1713 Manth.

1504 1738 1564 1796 5:
1599 1737 1699 1816 36.
1753 1737 1946 1796 Posse
1971 1737 2171 1817 legem
2203 1747 2534 1815 praestare
2570 1806 2578 1814 ‚

1503 1823 1819 1897 quomodo
1847 1821 2099 1887 dicatur
2119 1867 2134 1895 ‚
2175 1821 2402 1881 Matth.
2430 1842 2532 1883 22:

1507 1924 1606 1984 37.
1736 1904 1941 1965 Homo
2024 1904 2274 1965 homini
2359 1908 2568 1966 Deus‘

1503 1988 1668 2068 Eph.
1712 1993 1772 2050 5:
1831 2007 1886 2051 1.
1975 1991 2262 2051 Interior
2301 2000 2372 2050 ,et
2416 2011 2536 2049 ex-

1502 2075 1704 2132 terior
1738 2075 1932 2152 quid‚
1959 2076 2119 2134 ibid.
2189 2073 2392 2133 Homo
2427 2077 2534 2134 in·-

1500 2159 1706 2217 terior
1773 2168 1839 2217 et
1900 2179 2108 2218 novus
2180 2158 2535 2236 differunt,

1501 2239 1665 2319 Eph.
1723 2261 1778 2322 3:
1837 2243 1935 2302 16.
2025 2241 2229 2301 Homo
2292 2254 2533 2303 natura

1501 2326 1598 2383 sui
1625 2347 1879 2401 amans,
1910 2328 2093 2385 Rom.
2122 2347 2177 2407 3·
2211 2345 2309 2402 27.
2366 2329 2532 2388 Ter-

1497 2431 1668 2497 rena
1755 2413 2048 2490 cogitans
2134 2419 2344 2489 potest
2431 2412 2534 2471 nil

1496 2490 1625 2553 nisi
1650 2488 1921 2574 pravum
1949 2496 2025 2555 de
2053 2515 2118 2554 se
2144 2495 2529 2574 producere,

1498 2579 1626 2638 Iac.
1674 2584 1871 2653 1.15.
1944 2579 2145 2639 Homo
2190 2600 2359 2654 sum,
2405 2578 2531 2643 hu·-

1497 2684 1749 2723 manum
1799 2664 1971 2725 nihil
2018 2663 2299 2724 alienum
2350 2686 2385 2723 a
2428 2687 2528 2726 me

1497 2757 1694 2827 pum,
1745 2750 1977 2811 Matth.
2022 2752 2082 2810 5:
2131 2763 2252 2829 43,
2327 2748 2527 2809 Hebr.

1502 2850 1596 2913 13:
1632 2854 1686 2915 3.
1749 2833 1955 2895 Homo
1991 2843 2178 2893 vetus
2217 2842 2280 2892 et
2316 2856 2524 2896 novus

1497 2938 1612 2995 pro
1657 2919 2294 2997 eius'qualitatibus,
2347 2919 2527 2979 Rom.

1497 3006 1554 3061 8:
1597 3023 1697 3062 22.
1764 3002 2114 3063 Affectibus
2156 3006 2372 3081 pravis
2410 3003 2527 3062 ab·

1495 3089 1759 3167 sumptis
1823 3096 2245 3147 conservatur
2300 3088 2366 3145 in
2415 3108 2525 3146 ae·-

1496 3181 1747 3232 ternum
1773 3221 1790 3250 ,
1840 3173 2032 3232 Marc.
2063 3192 2119 3250 9:
2149 3186 2249 3248 49.
2321 3170 2525 3231 Homo

1496 3258 1614 3315 Dei
1645 3255 2519 3339 cognomenProphetau-um,

390 3343 580 3403 nibus
612 3342 753 3415 -uti3
801 3363 837 3400 a
875 3341 1081 3399 doctis
1118 3341 1409 3403 observa·
1502 3358 1524 3404 1
1563 3342 1729 3401 Tim.
1756 3343 1814 3402 6:
1849 3360 1916 3405 11
1946 3387 1965 3416 ‚
2018 3362 2050 3400 2
2078 3341 2333 3420 Tim.3:
2370 3359 2469 3415 17.

389 3437 568 3499 tum,
624 3423 853 3484 Matth.
907 3424 1001 3485 16·
1057 3427 1179 3485 18.Δ

349 3505 780 3572 Homicidium
838 3510 1010 3570 inter
1061 3510 1336 3569 crimina
1383 3533 1417 3569 a

387 3617 588 3677 regno
664 3595 1003 3658 coelorum
1080 3598 1415 3668 art-entia,

378 3683 591 3762 Apoc.
654 3699 752 3740 21.
802 3685 862 3739 8.
957 3676 1110 3738 Eius
1180 3691 1419 3759 poenae

389 3786 653 3838 variae,
685 3764 912 3830 Maub-
937 3768 996 3823 5:
1023 3780 1126 3834 40.
1195 3765 1415 3838 Qualis

387 3851 446 3910 ei
520 3872 722 3929 poena
789 3852 874 3910 sit
944 3850 1205 3923 debita,
1270 3854 1418 3911 Act.

365 3937 492 4002 ‚182
541 3934 604 3994 6.
930 3991 931 3996 ,

350 4017 727 4079 Homicidae
806 4041 934 4079 non
1015 4019 1409 4098 recipieban

387 4114 495 4163 tur
544 4105 644 4164 -ad
714 4104 1224 4165 communionem
1266 4106 1413 4162 ¹nisi

325 4247 341 4255 ,
390 4196 569 4269 post
599 4190 854 4269 longam
905 4187 1368 4269 poenitentiam
1397 4235 1413 4263 ‚

394 4273 595 4332 Hebr.
640 4273 699 4333 6.
748 4274 809 4335 6.

346 4356 553 4420 Homo
597 4377 740 4502 2pro
798 4361 1063 4439 quovis
1107 4333 1413 4430 homine,

362 4440 531 4504 1011.
644 4445 826 4503 25.
910 4444 1014 4504 Ad
1074 4443 1414 4521 imaginem

1462 3426 1743 3486 Hominis
1813 3429 1882 3484 in
1946 3434 2261 3503 potestate
2333 3429 2521 3484 situm

1494 3531 1631 3571 esse
1698 3512 1979 3588 aliquid,
2031 3510 2198 3568 unde
2248 3510 2329 3569 ad
2381 3512 2556 3576 lon--.

1495 3599 1870 3675 gaevitatem
1891 3599 1951 3670 Ἰ
1958 3596 2287 3672 erveniat,
2331 3619 2523 3672 appa-

1494 3691 1640 3755 ret,
1708 3681 1867 3759 Eph.
1937 3681 1994 3738 6.
2053 3701 2107 3753 3.
2202 3682 2520 3740 Animalia

1493 3773 1555 3824 et
1583 3726 1865 3831 carnalis
1897 3764 2283 3837 diffenentia‚
2317 3784 2332 3824 1
2370 3765 2521 3823 Cor.

1498 3866 1677 3920 2:14.
1729 3850 2519 3910 interiorisetexternorls

1413 3991 1416 3994 ,
1493 3936 1813 3993 sentiendi
1877 3954 2162 4014 or,gana
2219 3934 2405 3992 Hebr.
2453 3936 2515 3992 5:

1502 4022 1936 4088 14.111Deus
1965 4008 2320 4096 specialem
2337 4026 2520 4073 curat

1493 4106 1701 4185 gerit,
1761 4103 1892 4163 hh.
1948 4122 2041 4183 19:
2097 4102 2193 4199 36.
2283 4102 2522 4159 Renati

1500 4212 1607 4268 per
1668 4189 1976 4266 Spiritum
2033 4188 2212 4265 origo
2259 4197 2316 4244 et
2370 4187 2518 4243 linis

1497 4276 1693 4346 latet,
1770 4273 2032 4334 inin-3:
2100 4276 2158 4332 8.
2258 4272 2521 4331 Summa

1495 4360 1806 4437 pet-sectio
1850 4378 2051 4436 quae,
2088 4355 2298 4422 ,Hebru
2334 4375 2387 4415 2:
2431 4374 2542 4425 ις)-
2635 4429 2642 4436 ¹

1494 4442 1790 4506 Hominis
1808 4443 2015 4504 forma
2033 4442 2103 4500 in
2128 4439 2519 4524 cherubinis

2339 4526 2532 4605 Sym-
