2779 5085
300 228 423 292 166

1028 219 1644 284 ‘lunssx

336 381 568 444 matth.
632 395 731 455 24.
798 384 904 461 39.
1004 380 1161 442 Dies
1225 380 1362 441 eius
1437 399 1567 458 pio
1620 376 1989 439 hominibus
2035 377 2253 439 dicere
2300 381 2480 460 apud.

332 467 664 530 referendi
727 466 809 525 ad
870 475 1157 549 tempora
1201 484 1362 545 quae
1441 463 1708 522 Iudaeos
1728 471 2092 544 receptum,
2117 466 2263 523 Act.
2291 483 2342 524 1:
2373 470 2476 539 15,

333 551 664 614 excidium
712 538 1360 628 Hierosolymitanum

379 643 868 709 raecesserunt,
987 634 1149 693 ibid.
1260 637 1362 710 37·

331 659 514 781 Noae
572 719 725 778 data
782 727 1124 797 praecepta
1168 735 1361 797 quae-

330 825 517 879 nam,
544 811 608 863 et
642 824 680 862 a
712 802 945 882 quibus
978 802 1359 875 observata,

333 890 481 951 Act.
533 890 627 948 151
681 902 783 947 2ο.
868 883 1046 945 Noae
1092 893 1362 965 nepotes

331 971 585 1055 generis
647 969 915 1031 humani
978 978 1361 1050 propagato-

328 1078 435 1118 res
480 1062 675 1136 quot,
739 1057 883 1113 Act.
926 1073 985 1114 21
1034 1056 1097 1114 5.
1188 1051 1356 1114 Noa·

326 1140 634 1201 hidarum
687 1144 909 1198 status*
956 1138 1147 1219 quis,
1214 1140 1363 1198 Act.

336 1243 430 1285 111
486 1235 587 1295 14.

283 1308 535 1371 Nomen
599 1303 739 1365 sine
800 1311 949 1363 actu
1006 1323 1122 1363 1110
1171 1313 1360 1385 atque

323 1391 537 1451 officio
573 1387 746 1449 nihil
779 1395 906 1464 est,
944 1386 1102 1446 Luc.
1130 1408 1227 1450 221
1260 1393 1361 1451 32.

324 1474 579 1536 Nomen
643 1472 771 1533 Dei
826 1472 1194 1533 maledictis
1239 1473 1361 1532 im-

322 1560 566 1642 petitur
602 1577 743 1617 cum
781 1556 949 1618 male
976 1557 1216 1618 vivunt
1251 1556 1360 1635 qui

320 1644 460 1704 eius
496 1646 595 1704 'se
660 1642 892 1703 dicunt
946 1642 1226 1704 cultores
1250 1687 1270 1718 ,
1324 1661 1351 1701 1

325 1728 500 1789 Tim.
558 1726 618 1788 6:
688 1744 743 1786 1.
833 1726 1360 1807 Tetragramma-

319 1822 459 1874 tum
477 1811 674 1873 etiam
697 1810 775 1870 ab
797 1809 1181 1891 alienigenis
1204 1812 1356 1871 olim

318 1896 825 1979 pronunciatum
841 1939 862 1972 ,
888 1894 1115 1954 Matth.
1138 1915 1164 1955 1
1179 1907 1359 1966 2144.

322 1981 544 2055 Quare
578 1979 745 2039 illud
779 1979 1214 2061 pronunciare
1250 1980 1360 2041 Iu-

322 2066 470 2127 daei
515 2064 872 2141 desierint,
914 2063 1080 2124 ibid.
1150 2064 1360 2139 Quam

318 2148 505 2211 varie
563 2171 601 2208 a
647 2148 925 2210 diversis
971 2148 1358 2229 pronuntie-

320 2243 473 2313 tur,
518 2234 684 2294 ibid.

278 2317 529 2382 Nomen
573 2338 689 2397 per
735 2315 1193 2378 excellentiam
1242 2336 1358 2394 po·

320 2403 503 2463 nitur
562 2422 681 2483 pro
738 2401 1003 2462 nomine
1065 2398 1354 2476 Christi,

320 2487 550 2551 31011.
610 2488 672 2547 51
742 2505 804 2566 7.
895 2483 1146 2547 Nomen
1210 2484 1357 2544 Iesu

321 2571 569 2631 Christi
608 2592 726 2650 pro
764 2570 1128 2649 praeceptis
1168 2589 1355 2649 saepe

318 2657 620 2736 ponitur,
660 2653 853 2731 Rom.
908 2656 1000 2712 151
1048 2655 1111 2712 5.

276 2741 529 2803 Nomen
568 2737 744 2814 Ulpii
774 2736 1047 2807 Traiani
1082 2757 1196 2817 per
1233 2757 1356 2796 nu-

264 2845 527 2897 'meros
611 2820 1065 2902 designatum,
1151 2822 1356 2901 Apoc-

324 2909 550 2970 13118.
606 2905 856 2966 Nomen
894 2906 1064 2965 idem
1109 2907 1354 2966 duobus

315 2992 611 3052 sensibus
662 2992 912 3065 servit,
974 2989 1202 3049 Matth.
1252 2991 1351 3051 261

317 3096 420 3156 29.
488 3074 736 3136 Nomen
764 3084 1003 3156 septem
1032 3077 1355 3135 vocalium

313 3162 511 3242 quid,
556 3159 784 3219 Matth.
816 3175 1043 3232 22144.
1106 3158 1354 3221 Nomen

320 3266 436 3324 pro
518 3244 731 3304 officio
809 3253 918 3302 aut
990 3244 1353 3325 dignitate,

317 3328 695 3390 Matth.23:
746 3330 825 3402 5,
895 3331 1125 3403 2415,
1186 3326 1356 3407 Eph.

322 3433 373 3475 11
407 3433 518 3473 21·
503 3456 520 3485 ,
571 3434 687 3491 pro
726 3413 1073 3487 mandato,
1124 3411 1354 3473 Matth.

317 3515 417 3569 24:
460 3500 567 3571 53
586 3518 701 3577 pro
737 3497 1085 3576 qualitate,
1123 3495 1356 3560 Matth-

326 3595 573 3653 10141.

1338 2863 1376 2930 *ο

1443 551 1849 628 Apoc.3:4,
1902 551 2127 609 11113.
2194 546 2480 608 Nomina

1440 652 1660 691 eorum
1685 632 1792 711 qui
1815 632 2047 711 impios
2076 642 2387 692 convertu
2400 641 2478 691 nt

1440 719 1507 774 in
1550 715 1744 775 coelis
1794 716 2161 795 praedicari
2200 717 2476 775 tradunt

1440 801 1695 878 ludaei,
1728 800 1884 860 Luc.
1914 818 2009 862 10:
2040 817 2141 861 2ο.
2193 799 2476 861 Nomina.

1438 905 1572 943 non
1630 905 1767 945 esse
1831 903 1913 947 ex
1967 885 2266 944 instituto
2311 904 2479 964 quo-

1439 968 1627 1027 modo
1668 968 1944 1048 probare
1991 970 2279 1030 voluerit
2317 968 2477 1028 Ori-

1440 1072 1633 1131 genes
1655 1097 1673 1128 ,
1704 1050 1933 1112 Matth.
1957 1073 2016 1131 7:
2046 1072 2146 1114 22.
2191 1052 2475 1113 Nomina

1440 1134 1734 1196 Hebraea
1818 1138 2141 1217 quomodo
2224 1137 2473 1197 Graece

1438 1221 1812 1279 scribantur
1880 1231 1947 1280 et
2014 1221 2472 1299 declinentur,

1439 1303 1674 1364 Matth.
1734 1325 1785 1365 11
1843 1304 1957 1382 16,
2007 1325 2110 1366 21.
2194 1305 2476 1385 Propria

1438 1390 1606 1467 apud
1640 1389 1959 1449 Hebraeos
1993 1411 2180 1470 saepe
2214 1400 2476 1449 mutan-

1438 1481 1548 1531 tur
1570 1475 1640 1532 in
1668 1475 1797 1532 alia
1822 1474 2103 1534 eiusdem
2130 1475 2473 1535 autvicini

1436 1558 1878 1638 significatus,
1929 1558 2155 1619 Matth.
2196 1564 2296 1621 23:
2345 1563 2469 1636 35,

1437 1641 1641 1703 Hebr.
1692 1647 1748 1705 3:
1794 1645 1855 1702 8.
1922 1644 2196 1725 Propria
2233 1643 2306 1702 in
2349 1666 2470 1721 as,

1438 1727 1683 1789 Graece
1725 1726 1794 1786 in
1834 1735 1949 1802 ἅς,
1995 1730 2341 1789 terminata
2385 1749 2470 1789 ex

1438 1811 1586 1871 aliis
1659 1811 2063 1892 longioribus
2134 1821 2470 1874 contracta

1437 1917 1613 1969 esse,
1656 1896 1816 1957 Luc.
1847 1898 2148 1977 inscript.
2212 1897 2470 1957 Nomini

1439 1981 1640 2042 Paulo
1701 1982 2127 2041 communiori
2192 1980 2471 2042 Hebraei

1438 2064 1835 2146 discriminis
1861 2067 2070 2147 gratia
2091 2066 2336 2125 addunt
2357 2086 2473 2146 pa-

1432 2149 1912 2229 tronymicum,
1955 2149 2187 2210 nauh.
2236 2151 2326 2211 161
2371 2170 2470 2227 17.

1433 2231 1716 2294 Nomina
1787 2234 1915 2292 duo
1942 2277 1961 2309 ,
2029 2234 2342 2293 Graecum
2405 2243 2474 2295 et

1437 2315 1842 2390 Hebraeum,
1905 2339 2092 2397 saepe
2140 2328 2472 2398 ponuntur

1431 2401 1502 2459 in
1539 2422 1717 2460 usum
1749 2401 2179 2461 Hebraeorum
2208 2412 2271 2460 et
2297 2403 2470 2461 Gen-

1432 2484 1680 2561 tilium,
1709 2488 1913 2566 Apoc.
1947 2505 2039 2548 121
2070 2506 2127 2565 9.
2188 2484 2469 2547 Nomina.

1430 2571 1710 2631 Deorum
1732 2571 2469 2652 proinsignibus‚Apoc.

1435 2658 1531 2716 131
1606 2673 1701 2731 17.
1789 2652 2068 2715 Nomina
2137 2677 2267 2714 non
2332 2658 2466 2717 nisi
2523 2710 2537 2721 .
2615 2711 2622 2718 ,

1432 2738 1664 2818 Mystis
1730 2740 2034 2819 cognita,
2083 2740 2246 2799 ibid.
2335 2742 2470 2803 No-

1431 2825 1608 2882 mina
1666 2824 1934 2904 propria
1993 2845 2073 2884 ex
2123 2826 2464 2886 adiectivis

1405 2908 1644 2984 facta,
1692 2906 1909 2969 21011.
1957 2928 2008 2972 11
2057 2929 2109 2970 1.
2173 2910 2270 2969 Ex
2314 2933 2467 2991 par-

1429 2992 1653 3070 ticipio
1697 2992 1997 3072 passivo,
2046 2995 2226 3054 Rom.
2273 2997 2363 3056 16:
2404 3000 2467 3055 8.

1433 3074 1778 3136 Nominum
1805 3076 2338 3157 imponendorum
2361 3102 2393 3138 1
2399 3102 2470 3138 a-

1428 3160 1540 3219 tio
1552 3162 1722 3241 apud
1745 3159 2055 3235 Veteres,
2091 3164 2246 3223 Luc.
2280 3182 2330 3224 11
2358 3168 2470 3244 59.

1430 3243 1714 3305 Nomina
1764 3245 2203 3306 israelitarum
2255 3248 2469 3309 tribu-

1431 3329 1546 3388 bus
1571 3331 1868 3390 omnibus
1893 3332 2275 3405 communia,
2302 3334 2466 3394 Luc.

1432 3416 1489 3475 3.
1565 3418 1664 3475 23.
1767 3413 2154 3482 Nominibus
2225 3418 2464 3479 addere

1427 3498 1635 3558 verba
1701 3507 1976 3579 cognata
2046 3510 2266 3560 amant
2334 3502 2468 3563 He-

1426 3581 1607 3642 braei
1652 3592 1718 3642 et
1757 3583 2015 3658 Latini,
2061 3582 2229 3664 Eph.
2273 3607 2324 3648 11
2362 3591 2425 3649 5.

273 3667 524 3727 Nomen
576 3664 1031 3743 imponebatur
1077 3661 1372 3724 infanti-²
1386 3665 1752 3726 Nominalis
1781 3668 2215 3729 Romanorum
2248 3671 2469 3732 infan-

315 3753 430 3812 bus
480 3750 645 3831 apud
688 3750 963 3810 Iudaeos
1015 3757 1158 3829 post
1205 3771 1354 3826 per·
1429 3751 1588 3811 tium
1640 3751 1815 3826 dies,
1866 3753 2024 3813 Luc.
2076 3759 2278 3834 1159.

317 3845 527 3896 actam
569 3834 1169 3909 circumcisionem,
1197 3833 1352 3894 Luc.
1386 3834 2058 3918 Nosciincipiuntqui
2081 3839 2466 3898 adhonores

320 3940 372 3980 1.
441 3924 477 3981 5

315 3940 605 4084 piuriiiiis
654 4004 1141 4084 praesentibus,
1191 4003 1351 4063 Luc.

316 4108 372 4149 2.
420 4108 523 4149 21.
610 4086 906 4148 Nominis
950 4087 1225 4147 benefici
1265 4090 1346 4146 ti-

316 4173 516 4230 tulum
583 4171 960 4234 affectantes
1006 4172 1161 4252 quid
1206 4173 1345 4251 pul-

315 4259 541 4315 chrum
565 4257 652 4314 sit
676 4259 927 4334 vident,
960 4256 1228 4315 Luc-22:
1247 4260 1346 4317 25.

319 4340 614 4400 Nominis

312 4421 527 4505 ratio,
576 4426 734 4484 Luc.
776 4446 836 4504 7:
879 4425 991 4504 470'
1070 4421 1347 4485 Nomina

691 4344 907 4400 omiss:
982 4351 1091 4398 aut
1159 4342 1387 4420 positi⁴

646 3919 913 3980 Christo
979 3918 1347 3999 impositum
1431 3919 1830 3996 evehuntur,
1860 3922 2026 3982 sicut
2049 3924 2466 4003 quinascun-

1427 4013 1574 4094 tur,
1618 4006 1763 4067 Act.
1809 4012 1902 4069 131
1948 4011 2050 4069 33.
2119 4006 2315 4066 Nosse
2346 4027 2462 4085 pro

1430 4090 1775 4151 ostendere
1812 4113 2036 4167 nosse,
2064 4111 2250 4169 saepe
2274 4110 2466 4148 usur-

1426 4184 1617 4254 patur
1636 4179 1801 4255 apud
1824 4174 2172 4250 Hebraeos,
2200 4193 2231 4233 2
2249 4174 2462 4255 1011.9.
2554 4189 2560 4195 ·

1435 4258 1631 4319 Novit
1669 4262 1977 4342 aliquem,
2003 4260 2111 4339 qui
2149 4259 2465 4318 attributa

1428 4346 1566 4402 eius
1586 4347 1798 4422 novit,
1820 4345 2014 4405 Marc.
2039 4365 2089 4404 1:
2112 4348 2212 4416 34.
2259 4342 2465 4404 Nosse

1427 4447 1546 4508 pro
1614 4450 1842 4488 curare
1870 4474 1889 4504 ,
1958 4428 2163 4491 Hebr.
2235 4433 2295 4493 31
2370 4449 2470 4490 10.

2301 4512 2467 4574 Nos-
