2779 5085
473 212 591 291 176
696 252 701 257 -

498 389 577 451 pe
648 362 867 426 Iudaei
935 382 1182 445 semper
1224 364 1353 425 sibi
1398 366 1530 426 ele·

505 460 778 534 gerunt,
828 448 1057 508 Matth.
1108 469 1160 509 13
1219 449 1317 509 16.

458 535 924 601 Patrimonium
971 533 1091 594 Dei
1139 533 1290 593 olim
1327 552 1527 593 voca-

495 624 685 682 batur
746 619 1019 699 populus
1074 618 1525 694 Israeliticus,

494 725 672 767 nunc
741 702 1202 779 Christianus,
1271 722 1294 764 ι
1351 702 1524 767 Petr.

494 794 556 851 5:
588 794 647 852 3.
691 788 1076 849 Patrimonii
1112 788 1320 848 locum
1361 788 1524 867 apud

494 876 700 936 Deum
743 872 939 932 habet
978 871 1277 932 coelestis
1312 871 1521 932 felici-

490 968 592 1018 tas
623 1003 639 1034 ,
690 958 872 1016 Rom.
915 958 975 1015 83
1030 975 1126 1035 17.

451 1044 686 1105 Paulus
733 1051 796 1100 et
839 1041 1073 1099 Aratus
1118 1040 1249 1099 orti
1291 1061 1372 1100 ex
1410 1061 1515 1101 ea·

494 1129 636 1188 dem
684 1127 890 1204 patria
936 1124 1206 1200 Cilicia,
1246 1126 1391 1184 Act.
1422 1145 1515 1204 173

493 1214 596 1274 28.
681 1210 914 1268 Paulus
983 1218 1129 1267 ortu
1200 1210 1472 1270 Iudaeus
1501 1253 1517 1282 ,

488 1304 679 1354 natus
744 1291 980 1365 Tarsi,
1047 1294 1192 1351 Act.
1258 1313 1355 1353 213
1418 1297 1518 1372 39.

370 1406 383 1421 ·
492 1378 822 1439 Oriundus
890 1396 971 1436 ex
1038 1377 1216 1437 tribu
1281 1378 1516 1438 Benia-

490 1463 694 1536 mini,
761 1481 798 1522 2
861 1461 1032 1519 Tim.
1092 1480 1149 1521 2:
1203 1465 1263 1524 3.
1350 1464 1517 1522 Ante

491 1546 982 1606 conversionem
1025 1547 1233 1624 qualis
1276 1547 1514 1621 fuerit,

497 1651 521 1690 1
572 1632 743 1690 Tim.
790 1651 841 1690 1:
889 1632 983 1691 13.
1049 1630 1201 1691 Post
1242 1652 1514 1691 conver-

485 1716 732 1779 sionem
748 1735 903 1774 vere
917 1713 1519 1790 Pharisaeus,Rom.

492 1819 546 1861 13
594 1820 648 1859 1.
715 1800 1063 1880 Apostolus
1101 1820 1514 1879 supernume-

486 1885 746 1963 rarius,
814 1884 1015 1962 Apoc.
1080 1903 1176 1945 123
1246 1904 1301 1944 1.
1389 1885 1518 1944 Cur

408 1992 413 1999 ·
491 1970 704 2028 dictus
772 1968 1055 2049 gentium
1124 1968 1517 2049 Apostolus,

490 2052 674 2113 Rom.
726 2074 817 2115 113
870 2055 983 2124 13,
1027 2053 1170 2112 Gal.
1219 2073 1307 2113 1.,
1357 2053 1515 2131 Est,

487 2139 604 2199 sub
651 2141 787 2198 Deo
831 2148 895 2197 et
938 2136 1240 2215 Christo,
1286 2138 1519 2198 Eccle-

486 2225 619 2282 siae
686 2232 907 2301 pater,
980 2241 1017 2282 2
1079 2222 1227 2280 Cor.
1299 2239 1392 2282 10:
1455 2226 1516 2280 8.

488 2306 759 2386 Aquilae
853 2326 967 2364 cur
1057 2315 1511 2385 comparetur,

485 2394 691 2471 Apoc.
725 2404 785 2461 4:
827 2411 887 2469 7.
947 2388 1331 2467 Exemplum
1376 2412 1511 2449 esu·

480 2476 713 2535 rientis
777 2484 842 2534 et
905 2474 1185 2532 sitientis
1251 2483 1516 2554 propter

482 2562 830 2632 iustitiam,
863 2559 1017 2617 Luc.
1038 2560 1096 2617 6':
1126 2578 1222 2616 21.
1269 2560 1510 2619 Amans

480 2646 643 2705 recti
679 2644 968 2715 ordinis,
1015 2661 1039 2700 1
1086 2642 1235 2700 Gor.
1278 2656 1372 2711 14:
1412 2661 1512 2703 21.

454 2728 584 2789 ,Λᾶ
714 2726 1045 2786 Christum
1156 2746 1509 2786 conversus

483 2811 918 2891 Chronologis
1029 2819 1291 2891 putatur
1395 2834 1505 2871 an-

478 2919 567 2956 no
635 2896 886 2955 Tiberii
957 2895 1078 2977 36,
1176 2916 1213 2957 2
1282 2896 1512 2958 Thess.

474 2981 684 3062 praef.
787 2981 1064 3052 Quando
1135 2981 1373 3042 donum
1446 2983 1511 3044 S.

483 3066 759 3146 Spiritus
814 3067 1166 3144 acceperit,
1220 3066 1403 3126 Rom.
1449 3072 1508 3128 8:

481 3155 585 3213 23.
658 3150 900 3210 Habuit
943 3151 1185 3210 Graece
1226 3152 1508 3230 descrip-

476 3245 579 3295 tos
620 3235 929 3315 quosdam
969 3236 1231 3293 Domini
1265 3256 1508 3294 sermo-

478 3341 635 3395 nes,
674 3319 827 3376 Luc.
866 3334 965 3377 213
1006 3322 1107 3388 34.
1176 3317 1334 3374 Erat
1369 3318 1508 3396 qui-

479 3402 623 3460 dem
666 3400 881 3477 aliquo
919 3402 1108 3459 modo
1145 3392 1505 3477 perfectus,

479 3484 743 3555 sednon
765 3492 952 3543 extra
974 3484 1324 3564 periculum
1351 3506 1508 3544 con-

479 3571 778 3643 stitutus,
827 3568 997 3628 Phil.
1046 3572 1103 3630 33
1161 3584 1258 3627 12.
1345 3568 1507 3629 Erat

478 3654 771 3714 eruditus
817 3654 887 3712 in
938 3653 1107 3734 Lege
1148 3659 1213 3711 et
1251 3655 1505 3733 scriptis

476 3741 900 3816 interpretum
928 3784 943 3811 ,
989 3739 1101 3798 sed
1139 3758 1269 3796 non
1311 3760 1506 3818 aeque

474 3825 541 3883 in
594 3822 1013 3903 Philosophia
1065 3823 1502 3899 Graecanica,

482 3926 511 3970 1
566 3907 719 3967 Gor.
768 3926 825 3967 23
881 3925 959 3969 1·.-
1022 3907 1166 3969 Non
1215 3919 1356 3967 erat
1402 3910 1504 3967 in-

477 3992 787 4069 disertus,
831 3992 947 4052 sed
980 4001 1167 4053 erant
1211 3994 1397 4052 multi
1434 3993 1503 4051 in

478 4077 753 4135 Graecia
851 4076 991 4155 ipso
1085 4077 1458 4137 disertiores
1485 4121 1503 4150 ,

476 4160 640 4218 ibid.
705 4160 779 4218 In
810 4162 1001 4221 rebus
1037 4162 1118 4222 ad
1145 4170 1504 4241 temporum

474 4246 889 4324 locorumque
951 4247 1269 4306 rationem
1308 4244 1506 4303 -diiu-

1294 199 1822 271 INDEX

1602 362 1766 441 toli,
1815 362 1960 424 Act.
2010 361 2111 423 163
2161 363 2224 423 3.
2310 358 2615 440 Operaudi
2663 357 2670 369 ’

1600 468 1840 509 morem
1904 447 1984 507 ab
2050 446 2250 506 initio
2308 446 2614 526 praedica·
2652 458 2683 501 m

1600 533 1800 594 tionis
1861 531 1985 592 sibi
2056 531 2433 606 indixerat,
2494 533 2616 591 Act.

1606 621 1703 680 183
1745 621 1806 680 3.
1850 617 2061 676 Urbes
2104 636 2217 676 eas
2252 617 2613 696 quaerebat,

1601 703 1714 763 ubi
1751 702 2101 761 maximam
2147 708 2444 782 speraret
2474 720 2617 761 mes·

1601 808 1782 863 sem,
1845 789 1991 846 Act.
2040 784 2144 846 16:
2206 805 2327 859 12,
2394 802 2486 866 193
2534 801 2619 844 21.

1598 872 1844 944 Quibus
1894 871 1964 929 in
2018 869 2409 951 regionibus
2444 878 2618 930 'extra

1597 956 1899 1017 Iudaeam
1964 953 2403 1036 Euangelium
2454 974 2623 1035 prae-
2675 953 2695 1011 t<

1598 1040 1959 1114 dicaverit,
2004 1039 2159 1099 Act.
2211 1059 2317 1100 223
2368 1056 2469 1100 21.
2544 1039 2623 1098 Α·

1594 1124 1726 1206 pud
1767 1125 2027 1184 Galatas
2072 1124 2242 1199 fuit,
2309 1125 2621 1203 aliquanto
2682 1138 2697 1178 ι

1596 1219 1936 1290 antequam
2000 1207 2402 1270 Corinthum
2454 1208 2623 1266 veni-
2686 1207 2699 1263 i

1594 1303 1737 1370 ret,
1788 1294 1928 1354 Gal.
1978 1308 2032 1354 1:
2082 1312 2146 1353 2.
2264 1292 2618 1353 Secundum
2679 1291 2700 1350 ,Ξ

1596 1378 1678 1437 ad
1738 1377 1998 1436 Galatas
2045 1377 2177 1465 iter
2225 1378 2494 1437 videtur
2536 1376 2624 1433 in·
2677 1350 2703 1481 ¹}

1595 1463 1882 1521 stituisse
1953 1471 2096 1542 post
2170 1464 2489 1543 scriptam
2554 1458 2623 1518 ad
2683 1481 2705 1539 1⁴

1594 1547 1853 1607 Galatas
1961 1546 2331 1625 Epistolam
2362 1592 2382 1622 ,
2480 1543 2624 1603 ibid.
2687 1560 2707 1603 ¹2

1593 1630 1829 1711 Ephesi
1871 1653 1951 1691 an
1984 1632 2142 1691 seris
2171 1632 2476 1692 obiectus
2497 1630 2625 1688 sue-
2706 1669 2709 1681 γ

1592 1717 1721 1791 rit,
1770 1733 1797 1776 1
1849 1716 2000 1777 Cor.
2047 1718 2142 1776 15:
2200 1737 2306 1797 32.
2397 1713 2624 1775 Pisidia
2709 1766 2710 1770 ,

1592 1800 1662 1859 vi
1683 1802 1952 1876 eiectus,
1972 1810 2037 1861 et
2055 1800 2274 1863 Iconii
2296 1810 2363 1861 et
2384 1797 2626 1878 Lystris
2695 1816 2702 1829 ·

1593 1885 1913 1965 lapidatus
1943 1930 1960 1960 ,
2048 1905 2089 1947 2
2156 1886 2340 1945 Tim.
2413 1904 2470 1965 3:
2543 1901 2631 1945 11·

1595 1969 2029 2029 Transeundo
2083 1968 2453 2049 Bosporum
2515 1966 2631 2026 ivit

1591 2053 1659 2111 in
1689 2054 2168 2130 Macedoniam,
2206 2055 2363 2114 Act.
2407 2056 2506 2114 15:
2539 2068 2629 2112 10.

1594 2138 2033 2198 Macedoniam
2064 2138 2476 2199 transeundo
2502 2156 2626 2196 non

1591 2222 1755 2280 adiit
1802 2221 2154 2300 Ephesum,
2200 2224 2318 2283 sed
2352 2223 2631 2301 Presby-

1590 2314 1763 2366 teros
1801 2309 1883 2368 ad
1908 2328 1974 2366 se
2001 2308 2382 2383 accersivit,
2418 2324 2444 2367 1
2481 2306 2627 2366 Gor.

1595 2391 1691 2450 16:
1736 2395 1800 2451 5.
1883 2391 2132 2451 Beraea
2166 2391 2462 2451 Athenas
2500 2400 2630 2450 ter-

1584 2475 1779 2534 restri
1868 2475 2108 2534 itinere
2198 2475 2627 2557 properavit,

1590 2559 1735 2619 Act.
1786 2576 1883 2637 17:
1941 2574 2038 2631 14.
2115 2560 2428 2632 ·Quando
2503 2560 2631 2619 Ro-

1588 2644 1792 2726 manis
1835 2645 2149 2721 traditus,
2199 2645 2341 2705 Act.
2381 2648 2484 2706 18:
2531 2662 2632 2723 17.

1586 2728 1912 2789 Beneficio
1995 2731 2293 2811 publicae
2379 2731 2627 2789 tutelae

1586 2835 1778 2888 usus,
1824 2815 1971 2874 Act.
2008 2836 2109 2898 23:
2148 2819 2251 2879 33.
2320 2814 2455 2873 Cur
2500 2814 2629 2892 Sy-

1588 2899 1884 2958 nedrium
1952 2920 2302 2981 agnoscere
2360 2898 2625 2959 Iudices
2717 2891 2718 2900 ’

1587 3005 1720 3044 11011
1773 2985 2161 3062 tenebatur,
2213 2985 2358 3044 Act.
2407 2983 2510 3040 253
2562 3000 2628 3057 9.

1592 3063 2060 3147 Hierosolymis
2109 3089 2224 3127 cur
2267 3073 2464 3124 noctu
2508 3063 2628 3120 de·
2703 3073 2706 3076 '

1589 3152 1845 3210 ducitur
1888 3151 1969 3209 ad
2015 3151 2287 3210 Felicem
2336 3146 2619 3208 Iudaeae
2721 3195 2722 3198 ,

1586 3236 2118 3311 Procuratorem,
2170 3235 2317 3294 Act.
2366 3252 2465 3312 23:
2515 3249 2619 3310 23.
2725 3251 2726 3272 ¹

1588 3318 1866 3387 Quinam
1935 3319 2074 3377 eius
2144 3317 2617 3396 Hierosolymis

1585 3402 1852 3460 Romam
1893 3403 2155 3463 comites
2189 3402 2448 3462 itineris
2474 3401 2648 3461 sue-⁸

1581 3486 1763 3562 rint,
1835 3486 1966 3546 Tit.
2037 3507 2092 3546 1.
2198 3486 2472 3559 Quando
2543 3488 2616 3545 in

1581 3568 1776 3644 Creta
1817 3570 2057 3647 fuerit,
2099 3571 2263 3633 ibid.
2340 3573 2418 3632 In
2464 3570 2620 3631 His-
2666 3595 2678 3608 ⁸

1580 3655 1838 3742 paniam
1916 3656 2115 3717 ivisse
2181 3657 2438 3738 quando
2488 3677 2615 3736 .pu-

1581 3748 1792 3816 tetur,
1837 3742 2020 3801 Rom.
2061 3745 2158 3803 15:
2200 3756 2301 3813 24.
2367 3742 2614 3802 Itinera

1583 3825 1784 3883 multa
1817 3827 1889 3885 in
1921 3826 2135 3886 animo
2159 3826 2421 3900 habuit,
2448 3844 2607 3902 quae

1582 3918 1968 3988 exsequutus
2040 3933 2173 3971 non
2243 3920 2383 3985 est,
2452 3906 2613 3967 ibid.

1583 3994 1854 4073 Propter
1914 3995 2336 4055 imitationem
2398 3991 2611 4051 virtu-

1581 4087 1711 4136 tum
1753 4079 2000 4139 Christi
2044 4080 2313 4138 maxime
2347 4096 2612 4155 sperne-

1580 4161 1809 4238 batur,
1855 4184 1895 4224 2
1947 4165 2095 4224 Cor.
2146 4180 2240 4223 10:
2285 4175 2346 4232 4.
2429 4158 2610 4231 Quae

1581 4248 1808 4307 tulerit
1846 4267 1965 4327 pro
2007 4247 2268 4307 nomine
2313 4243 2610 4321 Christi,

475 4328 769 4389 dicandis
799 4330 1041 4390 lumine
1064 4330 1192 4389 suit
1215 4329 1503 4410 perfusus
1584 4330 1725 4390 Act.
1758 4353 1819 4411 9:
1860 4332 1960 4391 16.
2027 4332 2104 4391 111
2138 4330 2424 4393 vinculis
2464 4349 2608 4410 sep-

473 4413 749 4491 maiori,
790 4433 977 4493 quam
1013 4413 1264 4498 ‘caeteri
1298 4414 1505 4494 Apos-
1584 4415 1701 4475 ties
1748 4416 1908 4495 fuit,
1947 4415 2132 4477 Rom.
2173 4414 2270 4478 16:
2321 4436 2382 4501 7.

2455 4471 2618 4562 Pau-
