2779 5085
605 186 1035 252 esaon
1124 208 1224 250 n
1311 144 1972 251 russonum.

2268 213 2415 277 ‘235

281 312 534 413 montes
589 347 1042 426 appellantur,
1111 348 1314 429 Apoc.
1387 342 1601 407 Locus
1643 346 2118 427 acceptissimus
2152 332 2294 411 Deo
2330 354 2416 417 ad
2454 340 2459 347 ⁸

292 440 388 496 13:
437 438 498 495 ὅ.
583 432 857 513 Templa
916 454 1030 493 cur
1084 435 1311 494 nolue-

281 520 421 579 rint
465 516 822 576 Christiani
862 538 1120 577 suorum
1158 540 1311 578 con-

281 614 593 664 ventuum
643 604 789 660 loca
837 602 1015 676 dici,
1065 602 1212 662 Act.
1250 623 1309 681 7:

278 690 385 758 48.
432 686 846 764 Templorum
874 707 1108 745 nomen
1131 708 1313 746 usur-

247 830 250 835 ,
279 775 530 852 pabant
576 770 1007 848 imperatores
1037 770 1314 830 Christi-

282 857 395 915 ani
435 856 552 916 ubi
592 856 670 913 de
695 855 970 935 Paganis
1000 856 1312 935 agebant,

278 958 415 999 non
496 940 604 998 ubi
702 940 778 999 de
874 938 1265 998 Christianis
1293 985 1311 1015 ,

281 1026 435 1084 Act.
499 1044 558 1103 7:
627 1026 730 1093 48.
847 1023 1117 1102 Templa
1180 1044 1311 1082 non

280 1128 422 1167 esse
462 1105 856 1167 exstruenda
897 1107 1158 1166 dicebat
1192 1109 1308 1167 Ze-

280 1213 409 1268 110,
455 1193 618 1250 ibid.

234 1277 575 1355 Templum
624 1274 975 1353 spirituale
1042 1284 1139 1335 est
1198 1274 1305 1333 ubi

279 1363 454 1421 Deus
492 1370 554 1418 et
582 1358 875 1431 Christus
924 1367 1060 1434 est,
1110 1362 1309 1438 Apoc.

275 1463 377 1507 21:
414 1463 515 1503 22.
579 1443 917 1522 Templum
962 1443 1084 1502 Dei
1122 1445 1306 1501 malis

277 1528 597 1588 doctrinis
634 1537 700 1585 et
724 1528 1034 1607 exemplis
1064 1528 1306 1587 destrui

279 1615 484 1688 solet,
558 1633 576 1670 ι
630 1612 782 1672 Cor.
827 1616 884 1674 3:
937 1631 1031 1691 17.
1117 1614 1306 1672 Temo

271 1698 453 1777 ¹plum
529 1698 649 1756 Dei
726 1697 1008 1759 bumana
1074 1706 1308 1757 natura

282 1782 527 1840 Christi
578 1782 862 1856 dicitur,
912 1778 1053 1840 Ioh.
1099 1801 1156 1842 2:
1216 1802 1309 1861 19.

278 1866 619 1946 Templum
669 1865 813 1924 Dei.
846 1887 962 1945 pro
1012 1873 1146 1925 toto
1191 1864 1306 1924 ho-

276 1951 490 2024 mine,
538 1961 603 2010 et
629 1950 949 2029 quomodo
985 1950 1124 2007 eius
1163 1971 1307 2029 par-

273 2045 370 2094 tes
412 2035 666 2114 Templi
713 2035 999 2112 partibus
1041 2055 1310 2115 respon-

279 2120 559 2194 debant,
618 2140 636 2177 1
696 2119 847 2178 Gor.
896 2118 954 2178 6:
1012 2137 1107 2198 19.
1194 2119 1310 2179 Di-

280 2214 516 2263 cuntur
566 2202 928 2263 Christiani
975 2211 1040 2263 et
1088 2224 1308 2264 omnes

276 2298 342 2349 et
365 2289 646 2369 singuli,
674 2298 739 2348 et
767 2309 921 2363 cur,
953 2285 1103 2365 loli.
1130 2307 1186 2348 2:
1215 2307 1309 2366 19,

278 2372 468 2449 Rom.¹
514 2389 607 2446 141
661 2393 731 2452 19
760 2420 780 2453 ,
832 2389 859 2435 1
916 2372 1167 2452 (301·..31
1209 2374 1306 2448 16,

286 2476 310 2516 1
367 2459 535 2518 Tim.
582 2461 802 2536 3:¹15,
860 2477 885 2518 1
938 2457 1110 2518 Petr.
1144 2477 1203 2518 2:
1243 2460 1305 2534 5,

284 2542 486 2621 Apoc.
534 2547 627 2604 13:
674 2542 735 2602 6.

236 2627 574 2707 Templum
624 2626 747 2688 Dei
788 2626 858 2685 in
902 2625 1118 2685 Sacris
1163 2625 1307 2686 lite-

276 2713 367 2773 ris
413 2723 511 2772 est
570 2712 878 2792 templum
929 2710 1307 2790 Hierosoly·

277 2798 642 2871 mitanum,
730 2815 768 2855 2
828 2795 1061 2855 Thess.
1124 2814 1182 2854 2:
1248 2808 1308 2864 4.

281 2881 439 2946 Eius
504 2901 872 2961 synonyma
928 2899 1041 2937 seu
1094 2878 1306 2956 appel·

272 2967 553 3046 lationes
578 2966 834 3040 variae,
863 2963 1028 3022 ibid.
1090 2962 1308 3022 David

279 3061 528 3110 struere
570 3057 1026 3129 proposuerat,
1072 3046 1309 3105 struxit

281 3135 630 3209 Salomon,
700 3132 838 3197 1011.
881 3148 941 3204 41
988 3153 1088 3192 22.
1177 3130 1309 3190 Cur

278 3220 402 3284 sibi
435 3221 627 3279 ‚Deus
677 3218 819 3278 {ieri
867 3215 1230 3298 permiserit
1273 3238 1308 3273 a

279 3304 661 3378 Salomone,
712 3305 856 3362 Act.
898 3322 956 3378 7:
1001 3303 1102 3372 48.
1167 3301 1308 3372 Quo

275 3399 567 3468 tempore
595 3409 630 3447 a
666 3388 1013 3446 Salomone
1041 3385 1127 3443 sit
1152 3405 1307 3444 con-

278 3474 482 3534 ditum
510 3518 528 3549 ,
576 3474 719 3532 Act.
761 3475 853 3533 13:
889 3490 986 3531 20.
1032 3470 1306 3549 Propria

277 3560 502 3617 domus
592 3556 762 3630 Dei,
852 3555 1008 3616 Luc.
1075 3574 1131 3613 2:
1203 3556 1308 3613 50.

247 3642 579 3723 ·Figuram
686 3640 882 3721 gessit
968 3637 1303 3712 universi,

279 3725 515 3789 Matth.
564 3746 659 3801 271
708 3728 827 3799 51,
878 3723 1082 3782 Hebr.
1119 3728 1178 3783 8:
1231 3742 1304 3797 2,

280 3815 482 3890 Apoc.
542 3810 600 3870 6:
673 3830 734 3888 9.
830 3808 1304 3869 Imitamentum

279 3895 463 3956 Sacri
487 3893 922 3953 Tabernaculi
946 3893 1113 3972 quod
1135 3894 1304 3951 Deus

274 3979 697 4062 praeparavit
721 3979 796 4036 ab
825 3979 1048 4050 initio,
1082 3975 1306 4037 Matth.

200 4079 207 4092 “
275 4087 376 4141 271
424 4069 527 4124 51.
593 4063 809 4134 Quare
864 4062 1149 4122 Libanus
1190 4083 1307 4121 vo-

211 4191 221 4205 .
278 4161 459 4211 cetur
486 4149 656 4227 apud
693 4145 1073 4226 Prophetas,
1104 4147 1307 4224 Apoc.

277 4255 337 4307 72
394 4253 444 4291 1.
492 4233 667 4308 Quot
703 4233 927 4290 aulaea
965 4229 1304 4300 habuerit,

279 4318 511 4383 Matth.
557 4338 656 4393 27:
707 4322 810 4377 51.
901 4316 1121 4374 Plures
1191 4313 1302 4371 ha-

274 4403 470 4468 bebat
540 4402 797 4477 exitus,
868 4398 1008 4469 lssh·
1075 4402 1136 4464 8;
1204 4399 1306 4457 58.

1381 428 1748 490 fundendas
1807 451 2031 510 preces
2080 436 2418 513 creditus,

1388 514 1548 573 Luc.
1599 517 1693 573 181
1740 533 1836 574 ιο.
1904 514 2111 575 Locus
2161 521 2417 581 ludaeis

1383 596 1907 678 quotidianarum
1936 621 2195 679 precum
2220 648 2238 677 ,
2272 605 2424 664 Luc.

1373 698 1489 752 Γ241
1538 685 1641 742 52.
1688 683 2054 743 Gratiarum
2092 689 2422 748 actionum

1387 788 1579 825 causa
1663 787 1750 827 ex
1826 784 2005 828 more
2076 770 2422 848 adibatur,

1387 849 1531 911 Ioh.
1575 853 1634 911 5:
1690 864 1786 921 14.
1871 853 2116 913 Diebus
2161 856 2347 916 sestis
2383 878 2423 915 a

1387 936 1698 995 militibus
1762 935 2068 996 Romanis
2113 941 2423 1000 adserva-

1385 1021 1577 1079 batur
1638 1029 1705 1080 et
1771 1030 1959 1081 extra
2017 1022 2217 1083 festos
2285 1025 2419 1083 dies

1383 1125 1511 1182 perv
1547 1105 1780 1185 vigiles
1829 1104 2100 1165 ludaeos
2129 1152 2149 1185 ,
2200 1110 2424 1168 ainbo-

1385 1187 1499 1245 bus
1534 1197 1835 1268 praeerat
1876 1211 2039 1250 unus
2078 1213 2111 1251 e
2157 1214 2420 1253 numero

1383 1271 1848 1349 Sacerdotum,
1919 1276 2147 1337 Matth.
2209 1277 2307 1337 26:
2358 1291 2424 1348 4.

1386 1357 1720 1436 Templum
1759 1362 2104 1419 secundum
2147 1383 2225 1421 an
2268 1363 2425 1441 totis

1381 1442 1817 1521 qnadraginta
1857 1446 2044 1504 annis
2081 1445 2278 1505 suerit
2315 1467 2424 1505 ae-

1385 1525 1755 1600 dificatum,
1819 1527 1960 1586 1011.
2007 1549 2063 1590 21
2128 1550 2228 1591 20.
2316 1530 2417 1591 Ab

1387 1606 1644 1677 Herode
1687 1611 2069 1691 innovatum
2118 1634 2232 1672 cur
2272 1636 2422 1694 pos·-

1391 1703 1489 1753 tea
1510 1695 1678 1753 idem
1700 1694 1896 1755 fuisse
1914 1695 2168 1756 dicatur
2188 1698 2360 1777 quod
2385 1719 2424 1757 a

1383 1779 1786 1839 Zorobabele
1822 1789 2216 1840 exstructum
2246 1791 2422 1854 erat,
2458 1848 2461 1851 Α

1386 1863 1619 1923 Matth.
1663 1877 1763 1934 241
1821 1884 1873 1922 1.
1943 1866 2279 1945 Templum
2323 1868 2417 1925 bis

1384 1968 1685 2026 purgasse
1759 1946 2053 2009 Christus
2134 1952 2370 2031 legitur
2397 1995 2419 2028 ,

1385 2030 1526 2090 loh.
1555 2052 1609 2090 21
1646 2045 1741 2102 14.
1811 2033 2066 2112 Templi
2092 2038 2417 2119 propriam

1385 2116 1851 2196 possessionem
1924 2120 2050 2178 sibi
2122 2118 2419 2179 Christus

1385 2201 1760 2259 vindicavit
1785 2247 1802 2276 ,
1833 2201 1972 2262 lah.
1999 2223 2053 2264 2:
2086 2206 2182 2265 16.
2229 2204 2426 2263 Tem-

1385 2285 1477 2364 pli
1512 2287 1871 2365 exemplum
1910 2288 1980 2347 in
2015 2297 2227 2349 monte
2255 2289 2420 2350 Mosi

1388 2379 1851 2447 monstratum,
1901 2370 2182 2434 Hem-,82
2213 2376 2275 2433 5.
2339 2374 2421 2434 111
2506 2446 2511 2449 .

1387 2454 1642 2534 Templi
1686 2459 2134 2517 controversia
2165 2479 2416 2517 causam

1383 2539 1769 2599 Iudaeorum
1822 2541 2133 2603 adversus
2199 2547 2425 2604 Sama-

1381 2626 1543 2684 ritas
1586 2626 1819 2706 probat
1867 2627 2207 2703 Christus,
2266 2628 2421 2687 Luc.

1394 2727 1488 2786 17:
1548 2724 1642 2780 14.
1705 2711 2265 2792 Templiadytum
2312 2734 2417 2774 re-

1382 2794 1636 2852 ferebat
1693 2796 1938 2854 coelum
2001 2791 2416 2876 supremu‘m,

1385 2876 1586 2935 Hebr.
1651 2881 1711 2937 51
1777 2881 1840 2937 5.
1946 2881 2199 2961 Templi
2269 2903 2414 2960 pars

1381 2980 1695 3037 quaenam
1746 2960 2183 3023 [sraelitai-um
2241 2966 2420 3025 dice-

1383 3045 1618 3118 batur,
1672 3044 1829 3101 Luc.
1877 3064 1929 3104 1:
1987 3067 2081 3105 10.
2160 3049 2431 3126 Templi>

1386 3127 1965 3206 Hierosolymitani
1989 3131 2255 3208 spatium
2292 3133 2417 3189 suit

1384 3232 1462 3272 22
1499 3213 1857 3271 cubitorum
1894 3215 2067 3273 inter
2101 3215 2417 3293 porticum

1383 3306 1449 3356 et
1540 3297 1743 3357 altare
1843 3297 2364 3362 holocaustorum
2396 3342 2416 3374 ,

1384 3381 1613 3442 Matth.
1675 3386 1775 3443 23:
1827 3386 1929 3445 35.
2016 3382 2170 3443 Eius
2229 3392 2414 3462 porta

1378 3488 1694 3543 quaenam
1785 3477 1848 3527 et
1930 3489 2045 3528 cur
2122 3469 2414 3548 speciosa

1380 3552 1558 3610 dicta
1585 3595 1602 3625 ,
1653 3554 1794 3611 Act.
1835 3556 1891 3613 3:
1927 3572 1985 3612 2.
2073 3553 2226 3613 Eius
2266 3573 2415 3631 por-

1381 3645 1485 3695 tae
1524 3636 1718 3712 duae,
1767 3638 2159 3714 Sponsorum
2195 3636 2418 3695 et'Lu-

1380 3720 1704 3801 gentium,
1751 3722 1929 3781 Rom.
1962 3741 2054 3781 12:
2091 3725 2186 3781 15.
2248 3722 2418 3784 Genz-

1382 3807 1537 3874 tium
1586 3806 1926 3880 subdiale,
1975 3805 2116 3866 Ioh.
2164 3824 2258 3865 121
2311 3825 2414 3865 2ο.

1381 3889 1536 3949 Eius
1594 3889 1765 3948 fores
1828 3900 2057 3970 sponte
2130 3890 2413 3970 patuisse

1382 3986 1531 4033 ante
1568 3975 1887 4033 excidium
1931 3974 2415 4053 Hierosolymo-

1380 4079 1523 4118 rum
1585 4079 1719 4117 non
1781 4059 2018 4119 referri
2084 4060 2274 4119 debet
2332 4061 2414 4120 ad

1382 4144 1725 4201 scissuram
1797 4145 1928 4205 veli
2000 4153 2416 4204 memoratam

1383 4227 1815 4308 Euangelistis
1843 4272 1883 4303 „
1909 4228 2140 4293 Matih.
2184 4248 2281 4294 27:
2309 4233 2414 4288 51.

1383 4313 1805 4372 Eversionem
1843 4313 2416 4392 praedicit‘Chu-is-

1625 4397 1856 4457 Matth.
1917 4412 2016 4471 241
2088 4420 2145 4459 2.
2258 4399 2409 4456 Eius

2264 4501 2418 4537 vas-

1381 4407 1481 4455 tus
1506 4442 1526 4473 ,
