<?xml version="1.0" encoding="UTF-8"?>
<!DOCTYPE html PUBLIC "-//W3C//DTD XHTML 1.0 Transitional//EN"
    "http://www.w3.org/TR/xhtml1/DTD/xhtml1-transitional.dtd">
<html xmlns="http://www.w3.org/1999/xhtml" xml:lang="en" lang="en">
 <head>
  <title>
</title>
<meta http-equiv="Content-Type" content="text/html;charset=utf-8" />
  <meta name='ocr-system' content='tesseract 3.04.00' />
  <meta name='ocr-capabilities' content='ocr_page ocr_carea ocr_par ocr_line ocrx_word'/>
</head>
<body>
  <div class='ocr_page' id='page_1' title='image "./annotationesinn00grotgoog_0169.png"; bbox 0 0 2779 5085; ppageno 0'>
   <div class='ocr_carea' id='block_1_1' title="bbox 625 212 1945 292">
    <p class='ocr_par' dir='ltr' id='par_1_1' title="bbox 625 212 1945 292">
     <span class='ocr_line' id='line_1_1' title="bbox 625 212 1945 292; baseline 0.002 -18"><span class='ocrx_word' id='word_1_1' title='bbox 625 212 1016 284; x_wconf 73' lang='lat' dir='ltr'><strong>RERUM</strong></span> <span class='ocrx_word' id='word_1_2' title='bbox 1105 234 1203 279; x_wconf 66' lang='lat' dir='ltr'><strong>m</strong></span> <span class='ocrx_word' id='word_1_3' title='bbox 1289 212 1945 292; x_wconf 60' lang='lat' dir='ltr'><strong>vizaeoaun.</strong></span> 
     </span>
    </p>
   </div>
   <div class='ocr_carea' id='block_1_2' title="bbox 234 241 2392 1125">
    <p class='ocr_par' dir='ltr' id='par_1_2' title="bbox 234 241 2386 609">
     <span class='ocr_line' id='line_1_2' title="bbox 2257 241 2377 306; baseline 0.017 -2"><span class='ocrx_word' id='word_1_4' title='bbox 2257 241 2377 306; x_wconf 78' lang='lat'><strong>155</strong></span> 
     </span>
     <span class='ocr_line' id='line_1_3' title="bbox 234 371 2386 463; baseline 0.003 -29"><span class='ocrx_word' id='word_1_5' title='bbox 234 400 312 460; x_wconf 71' lang='lat'><strong>9²</strong></span> <span class='ocrx_word' id='word_1_6' title='bbox 375 389 441 447; x_wconf 86' lang='grc'><strong>4.</strong></span> <span class='ocrx_word' id='word_1_7' title='bbox 536 372 696 433; x_wconf 78' lang='lat' dir='ltr'><strong>Eius</strong></span> <span class='ocrx_word' id='word_1_8' title='bbox 764 371 1099 451; x_wconf 75' lang='lat' dir='ltr'><strong>imperium</strong></span> <span class='ocrx_word' id='word_1_9' title='bbox 1168 392 1304 463; x_wconf 47' lang='grc' dir='ltr'><strong>σοι-ξ</strong></span> <span class='ocrx_word' id='word_1_10' title='bbox 1353 372 1521 433; x_wconf 80' lang='lat' dir='ltr'><strong>Luc.</strong></span> <span class='ocrx_word' id='word_1_11' title='bbox 1567 384 1619 434; x_wconf 64' lang='lat' dir='ltr'><strong>it</strong></span> <span class='ocrx_word' id='word_1_12' title='bbox 1676 393 1771 453; x_wconf 78' lang='lat'><strong>¹9.</strong></span> <span class='ocrx_word' id='word_1_13' title='bbox 1853 374 2125 437; x_wconf 75' lang='lat' dir='ltr'><strong>Diaboli</strong></span> <span class='ocrx_word' id='word_1_14' title='bbox 2168 387 2386 458; x_wconf 81' lang='lat' dir='ltr'><strong>potes-</strong></span> 
     </span>
     <span class='ocr_line' id='line_1_4' title="bbox 241 455 2382 541; baseline 0.002 -19"><span class='ocrx_word' id='word_1_15' title='bbox 241 465 503 523; x_wconf 83' lang='lat' dir='ltr'><strong>dicatur</strong></span> <span class='ocrx_word' id='word_1_16' title='bbox 529 456 806 516; x_wconf 78' lang='lat' dir='ltr'><strong>Davidis</strong></span> <span class='ocrx_word' id='word_1_17' title='bbox 838 457 1097 529; x_wconf 87' lang='lat' dir='ltr'><strong>solium,</strong></span> <span class='ocrx_word' id='word_1_18' title='bbox 1127 455 1302 523; x_wconf 59' lang='grc' dir='ltr'><strong>[ωας</strong></span> <span class='ocrx_word' id='word_1_19' title='bbox 1358 466 1555 531; x_wconf 81' lang='lat' dir='ltr'><strong>tatem</strong></span> <span class='ocrx_word' id='word_1_20' title='bbox 1620 458 1905 522; x_wconf 83' lang='lat' dir='ltr'><strong>modeste</strong></span> <span class='ocrx_word' id='word_1_21' title='bbox 1967 466 2293 541; x_wconf 77' lang='lat' dir='ltr'><strong>agnoscit,</strong></span> <span class='ocrx_word' id='word_1_22' title='bbox 2341 485 2382 526; x_wconf 89' lang='grc'><strong>2</strong></span> 
     </span>
     <span class='ocr_line' id='line_1_5' title="bbox 250 526 1784 609; baseline -0.004 -2"><span class='ocrx_word' id='word_1_23' title='bbox 250 567 313 609; x_wconf 82' lang='lat'><strong>1:</strong></span> <span class='ocrx_word' id='word_1_24' title='bbox 365 550 467 607; x_wconf 84' lang='lat'><strong>32.</strong></span> <span class='ocrx_word' id='word_1_25' title='bbox 557 542 710 599; x_wconf 83' lang='lat' dir='ltr'><strong>Eius</strong></span> <span class='ocrx_word' id='word_1_26' title='bbox 759 537 1074 599; x_wconf 66' lang='lat' dir='ltr'><strong>adventus</strong></span> <span class='ocrx_word' id='word_1_27' title='bbox 1125 526 1302 607; x_wconf 60' lang='lat' dir='ltr'><strong>tem-i</strong></span> <span class='ocrx_word' id='word_1_28' title='bbox 1360 542 1532 601; x_wconf 77' lang='lat' dir='ltr'><strong>Petr.</strong></span> <span class='ocrx_word' id='word_1_29' title='bbox 1578 562 1633 601; x_wconf 80' lang='lat'><strong>2:</strong></span> <span class='ocrx_word' id='word_1_30' title='bbox 1692 562 1784 600; x_wconf 87' lang='grc'><strong>11.</strong></span> 
     </span>
    </p>

    <p class='ocr_par' dir='ltr' id='par_1_3' title="bbox 241 609 2392 1125">
     <span class='ocr_line' id='line_1_6' title="bbox 241 609 2388 713; baseline 0.002 -24"><span class='ocrx_word' id='word_1_31' title='bbox 241 650 413 713; x_wconf 78' lang='lat' dir='ltr'><strong>pora</strong></span> <span class='ocrx_word' id='word_1_32' title='bbox 450 627 704 688; x_wconf 84' lang='lat' dir='ltr'><strong>Iudaeis</strong></span> <span class='ocrx_word' id='word_1_33' title='bbox 742 627 1087 702; x_wconf 86' lang='lat' dir='ltr'><strong>promissa,</strong></span> <span class='ocrx_word' id='word_1_34' title='bbox 1126 609 1506 705; x_wconf 63' lang='lat' dir='ltr'><strong>Luc.²3Miles</strong></span> <span class='ocrx_word' id='word_1_35' title='bbox 1565 627 1768 685; x_wconf 66' lang='lat' dir='ltr'><strong>matus</strong></span> <span class='ocrx_word' id='word_1_36' title='bbox 1813 636 1916 687; x_wconf 82' lang='lat' dir='ltr'><strong>est</strong></span> <span class='ocrx_word' id='word_1_37' title='bbox 1957 628 2067 707; x_wconf 91' lang='lat' dir='ltr'><strong>qui</strong></span> <span class='ocrx_word' id='word_1_38' title='bbox 2112 631 2388 711; x_wconf 75' lang='lat' dir='ltr'><strong>imperia</strong></span> 
     </span>
     <span class='ocr_line' id='line_1_7' title="bbox 246 709 2390 790; baseline -0.001 -13"><span class='ocrx_word' id='word_1_39' title='bbox 246 736 315 777; x_wconf 76' lang='lat'><strong>2:</strong></span> <span class='ocrx_word' id='word_1_40' title='bbox 358 735 416 774; x_wconf 93' lang='grc'><strong>2.</strong></span> <span class='ocrx_word' id='word_1_41' title='bbox 487 709 904 770; x_wconf 82' lang='lat' dir='ltr'><strong>Conveniunt</strong></span> <span class='ocrx_word' id='word_1_42' title='bbox 942 711 1080 768; x_wconf 89' lang='lat' dir='ltr'><strong>eius</strong></span> <span class='ocrx_word' id='word_1_43' title='bbox 1121 719 1282 767; x_wconf 85' lang='lat' dir='ltr'><strong>tem·</strong></span> <span class='ocrx_word' id='word_1_44' title='bbox 1362 711 1592 768; x_wconf 88' lang='lat' dir='ltr'><strong>ducum</strong></span> <span class='ocrx_word' id='word_1_45' title='bbox 1657 712 2078 790; x_wconf 87' lang='lat' dir='ltr'><strong>interpretari</strong></span> <span class='ocrx_word' id='word_1_46' title='bbox 2138 719 2390 779; x_wconf 83' lang='lat' dir='ltr'><strong>mavult</strong></span> 
     </span>
     <span class='ocr_line' id='line_1_8' title="bbox 241 794 2385 881; baseline -0.002 -24"><span class='ocrx_word' id='word_1_47' title='bbox 241 819 407 881; x_wconf 75' lang='lat' dir='ltr'><strong>pora</strong></span> <span class='ocrx_word' id='word_1_48' title='bbox 451 794 832 874; x_wconf 69' lang='lat' dir='ltr'><strong>Aegyptiaci</strong></span> <span class='ocrx_word' id='word_1_49' title='bbox 870 796 1083 877; x_wconf 70' lang='lat' dir='ltr'><strong>exitus</strong></span> <span class='ocrx_word' id='word_1_50' title='bbox 1121 800 1281 852; x_wconf 85' lang='lat' dir='ltr'><strong>tem·</strong></span> <span class='ocrx_word' id='word_1_51' title='bbox 1358 815 1542 872; x_wconf 78' lang='lat' dir='ltr'><strong>quam</strong></span> <span class='ocrx_word' id='word_1_52' title='bbox 1590 797 2126 873; x_wconf 28' lang='lat' dir='ltr'><strong>exsequi,·Rom.</strong></span> <span class='ocrx_word' id='word_1_53' title='bbox 2170 804 2230 879; x_wconf 81' lang='lat'><strong>9&#39;:</strong></span> <span class='ocrx_word' id='word_1_54' title='bbox 2287 804 2385 861; x_wconf 86' lang='lat'><strong>15.</strong></span> 
     </span>
     <span class='ocr_line' id='line_1_9' title="bbox 243 877 2392 966; baseline 0.007 -38"><span class='ocrx_word' id='word_1_55' title='bbox 243 882 547 966; x_wconf 60' lang='lat' dir='ltr'><strong>poribus,</strong></span> <span class='ocrx_word' id='word_1_56' title='bbox 576 877 935 957; x_wconf 79' lang='lat' dir='ltr'><strong>Luc.1:46.</strong></span> <span class='ocrx_word' id='word_1_57' title='bbox 985 877 1280 957; x_wconf 78' lang='lat' dir='ltr'><strong>Magnum</strong></span> <span class='ocrx_word' id='word_1_58' title='bbox 1358 878 1644 938; x_wconf 83' lang='lat' dir='ltr'><strong>Publicis</strong></span> <span class='ocrx_word' id='word_1_59' title='bbox 1700 899 1832 937; x_wconf 87' lang='lat' dir='ltr'><strong>non</strong></span> <span class='ocrx_word' id='word_1_60' title='bbox 1880 885 2156 958; x_wconf 83' lang='lat' dir='ltr'><strong>privatis</strong></span> <span class='ocrx_word' id='word_1_61' title='bbox 2206 885 2392 943; x_wconf 82' lang='lat' dir='ltr'><strong>utiti-</strong></span> 
     </span>
     <span class='ocr_line' id='line_1_10' title="bbox 246 961 2386 1042; baseline 0.002 -16"><span class='ocrx_word' id='word_1_62' title='bbox 246 976 349 1027; x_wconf 87' lang='lat' dir='ltr'><strong>est</strong></span> <span class='ocrx_word' id='word_1_63' title='bbox 413 966 683 1024; x_wconf 80' lang='lat' dir='ltr'><strong>Messiae</strong></span> <span class='ocrx_word' id='word_1_64' title='bbox 729 982 867 1020; x_wconf 86' lang='lat' dir='ltr'><strong>esse</strong></span> <span class='ocrx_word' id='word_1_65' title='bbox 914 961 1279 1019; x_wconf 84' lang='lat' dir='ltr'><strong>ministrum</strong></span> <span class='ocrx_word' id='word_1_66' title='bbox 1357 964 1598 1022; x_wconf 82' lang='lat' dir='ltr'><strong>tatibus</strong></span> <span class='ocrx_word' id='word_1_67' title='bbox 1674 972 1738 1023; x_wconf 89' lang='lat' dir='ltr'><strong>et</strong></span> <span class='ocrx_word' id='word_1_68' title='bbox 1806 965 2080 1042; x_wconf 84' lang='lat' dir='ltr'><strong>negotiis</strong></span> <span class='ocrx_word' id='word_1_69' title='bbox 2148 989 2386 1030; x_wconf 80' lang='lat' dir='ltr'><strong>vacare</strong></span> 
     </span>
     <span class='ocr_line' id='line_1_11' title="bbox 245 1046 2391 1125; baseline 0.003 -18"><span class='ocrx_word' id='word_1_70' title='bbox 245 1064 313 1112; x_wconf 79' lang='lat' dir='ltr'><strong>et</strong></span> <span class='ocrx_word' id='word_1_71' title='bbox 343 1051 463 1109; x_wconf 89' lang='lat' dir='ltr'><strong>Dei</strong></span> <span class='ocrx_word' id='word_1_72' title='bbox 495 1048 1036 1125; x_wconf 82' lang='lat' dir='ltr'><strong>dispensatorem,</strong></span> <span class='ocrx_word' id='word_1_73' title='bbox 1071 1066 1095 1104; x_wconf 87' lang='lat'><em>1</em></span> <span class='ocrx_word' id='word_1_74' title='bbox 1129 1046 1279 1104; x_wconf 87' lang='lat' dir='ltr'><strong>Cor.</strong></span> <span class='ocrx_word' id='word_1_75' title='bbox 1358 1048 1587 1122; x_wconf 78' lang='lat' dir='ltr'><strong>debet,</strong></span> <span class='ocrx_word' id='word_1_76' title='bbox 1636 1067 1674 1107; x_wconf 86' lang='lat'><em>2</em></span> <span class='ocrx_word' id='word_1_77' title='bbox 1723 1047 1891 1107; x_wconf 81' lang='lat' dir='ltr'><strong>Tim.</strong></span> <span class='ocrx_word' id='word_1_78' title='bbox 1936 1068 1993 1108; x_wconf 85' lang='lat'><strong>2:</strong></span> <span class='ocrx_word' id='word_1_79' title='bbox 2038 1063 2102 1119; x_wconf 86' lang='grc'><strong>4.</strong></span> <span class='ocrx_word' id='word_1_80' title='bbox 2189 1053 2391 1113; x_wconf 71' lang='lat' dir='ltr'><strong>Prae-</strong></span> 
     </span>
    </p>
   </div>
   <div class='ocr_carea' id='block_1_3' title="bbox 140 1129 1279 1532">
    <p class='ocr_par' dir='ltr' id='par_1_4' title="bbox 140 1129 1279 1532">
     <span class='ocr_line' id='line_1_12' title="bbox 242 1129 1278 1207; baseline -0.007 -13"><span class='ocrx_word' id='word_1_81' title='bbox 242 1151 308 1207; x_wconf 81' lang='lat'><strong>4:</strong></span> <span class='ocrx_word' id='word_1_82' title='bbox 342 1156 394 1193; x_wconf 85' lang='grc' dir='ltr'><strong>ι.</strong></span> <span class='ocrx_word' id='word_1_83' title='bbox 440 1134 683 1192; x_wconf 89' lang='lat' dir='ltr'><strong>Paucos</strong></span> <span class='ocrx_word' id='word_1_84' title='bbox 704 1130 1097 1206; x_wconf 74' lang='lat' dir='ltr'><strong>temporibus</strong></span> <span class='ocrx_word' id='word_1_85' title='bbox 1118 1129 1278 1188; x_wconf 71' lang='lat' dir='ltr'><strong>Mes-</strong></span> 
     </span>
     <span class='ocr_line' id='line_1_13' title="bbox 246 1213 1279 1286; baseline -0.007 -8"><span class='ocrx_word' id='word_1_86' title='bbox 246 1224 382 1278; x_wconf 85' lang='lat' dir='ltr'><strong>siae</strong></span> <span class='ocrx_word' id='word_1_87' title='bbox 410 1216 762 1275; x_wconf 85' lang='lat' dir='ltr'><strong>servandos</strong></span> <span class='ocrx_word' id='word_1_88' title='bbox 785 1258 799 1286; x_wconf 89' lang='lat'>,</span> <span class='ocrx_word' id='word_1_89' title='bbox 830 1215 1065 1270; x_wconf 84' lang='lat' dir='ltr'><strong>dictum</strong></span> <span class='ocrx_word' id='word_1_90' title='bbox 1097 1213 1279 1272; x_wconf 85' lang='lat' dir='ltr'><strong>Sinai</strong></span> 
     </span>
     <span class='ocr_line' id='line_1_14' title="bbox 246 1298 1278 1377; baseline -0.007 -13"><span class='ocrx_word' id='word_1_91' title='bbox 246 1303 691 1364; x_wconf 78' lang='lat' dir='ltr'><strong>Hebraeorum</strong></span> <span class='ocrx_word' id='word_1_92' title='bbox 717 1299 1027 1377; x_wconf 81' lang='lat' dir='ltr'><strong>magistri,</strong></span> <span class='ocrx_word' id='word_1_93' title='bbox 1058 1298 1278 1357; x_wconf 84' lang='lat' dir='ltr'><strong>Mattb.</strong></span> 
     </span>
     <span class='ocr_line' id='line_1_15' title="bbox 140 1383 1279 1463; baseline -0.022 -11"><span class='ocrx_word' id='word_1_94' title='bbox 140 1458 143 1459; x_wconf 12' lang='lat'><em>⁷</em></span> <span class='ocrx_word' id='word_1_95' title='bbox 245 1408 349 1463; x_wconf 76' lang='grc' dir='ltr'><strong>2ος</strong></span> <span class='ocrx_word' id='word_1_96' title='bbox 410 1385 506 1444; x_wconf 80' lang='grc'><strong>16.</strong></span> <span class='ocrx_word' id='word_1_97' title='bbox 594 1383 803 1441; x_wconf 79' lang='lat' dir='ltr'><strong>Vitam</strong></span> <span class='ocrx_word' id='word_1_98' title='bbox 857 1383 991 1440; x_wconf 73' lang='lat' dir='ltr'><strong>eius</strong></span> <span class='ocrx_word' id='word_1_99' title='bbox 1038 1383 1279 1461; x_wconf 75' lang='lat' dir='ltr'><strong>glorio..</strong></span> 
     </span>
     <span class='ocr_line' id='line_1_16' title="bbox 251 1466 1278 1532; baseline -0.006 -1"><span class='ocrx_word' id='word_1_100' title='bbox 251 1492 383 1532; x_wconf 86' lang='lat' dir='ltr'><strong>sam</strong></span> <span class='ocrx_word' id='word_1_101' title='bbox 420 1471 562 1529; x_wconf 80' lang='lat' dir='ltr'><strong>sore</strong></span> <span class='ocrx_word' id='word_1_102' title='bbox 601 1467 708 1525; x_wconf 91' lang='lat' dir='ltr'><strong>ubi</strong></span> <span class='ocrx_word' id='word_1_103' title='bbox 745 1477 1007 1525; x_wconf 84' lang='lat' dir='ltr'><strong>mortem</strong></span> <span class='ocrx_word' id='word_1_104' title='bbox 1042 1466 1278 1525; x_wconf 80' lang='lat' dir='ltr'><strong>obierit</strong></span> 
     </span>
    </p>
   </div>
   <div class='ocr_carea' id='block_1_4' title="bbox 202 1549 1275 3320">
    <p class='ocr_par' dir='ltr' id='par_1_5' title="bbox 202 1549 1275 3320">
     <span class='ocr_line' id='line_1_17' title="bbox 244 1549 1275 1637; baseline -0.004 -24"><span class='ocrx_word' id='word_1_105' title='bbox 244 1577 366 1637; x_wconf 80' lang='lat' dir='ltr'><strong>pro</strong></span> <span class='ocrx_word' id='word_1_106' title='bbox 400 1552 882 1633; x_wconf 79' lang='lat' dir='ltr'><strong>peccatoribus,</strong></span> <span class='ocrx_word' id='word_1_107' title='bbox 922 1549 1062 1609; x_wconf 86' lang='lat' dir='ltr'><strong>Iob.</strong></span> <span class='ocrx_word' id='word_1_108' title='bbox 1088 1571 1144 1609; x_wconf 83' lang='lat'><strong>2:</strong></span> <span class='ocrx_word' id='word_1_109' title='bbox 1177 1571 1275 1611; x_wconf 86' lang='grc'><strong>22.</strong></span> 
     </span>
     <span class='ocr_line' id='line_1_18' title="bbox 246 1634 1265 1716; baseline -0.004 -18"><span class='ocrx_word' id='word_1_110' title='bbox 246 1640 402 1700; x_wconf 86' lang='lat' dir='ltr'><strong>Eius</strong></span> <span class='ocrx_word' id='word_1_111' title='bbox 465 1637 790 1716; x_wconf 73' lang='lat' dir='ltr'><strong>passiones</strong></span> <span class='ocrx_word' id='word_1_112' title='bbox 853 1636 922 1693; x_wconf 89' lang='lat' dir='ltr'><strong>in</strong></span> <span class='ocrx_word' id='word_1_113' title='bbox 988 1634 1265 1715; x_wconf 84' lang='lat' dir='ltr'><strong>Prophe·</strong></span> 
     </span>
     <span class='ocr_line' id='line_1_19' title="bbox 244 1719 1271 1782; baseline -0.003 0"><span class='ocrx_word' id='word_1_114' title='bbox 244 1725 333 1782; x_wconf 79' lang='lat' dir='ltr'><strong>tis</strong></span> <span class='ocrx_word' id='word_1_115' title='bbox 413 1743 547 1780; x_wconf 85' lang='lat' dir='ltr'><strong>non</strong></span> <span class='ocrx_word' id='word_1_116' title='bbox 624 1728 971 1778; x_wconf 75' lang='lat' dir='ltr'><strong>annotatae</strong></span> <span class='ocrx_word' id='word_1_117' title='bbox 1050 1740 1087 1776; x_wconf 88' lang='lat' dir='ltr'><strong>a</strong></span> <span class='ocrx_word' id='word_1_118' title='bbox 1156 1719 1271 1779; x_wconf 90' lang='lat' dir='ltr'><strong>Le·</strong></span> 
     </span>
     <span class='ocr_line' id='line_1_20' title="bbox 246 1789 1273 1889; baseline -0.004 -24"><span class='ocrx_word' id='word_1_119' title='bbox 246 1806 578 1889; x_wconf 82' lang='lat' dir='ltr'><strong>gisperitis</strong></span> <span class='ocrx_word' id='word_1_120' title='bbox 603 1848 620 1878; x_wconf 88' lang='lat'>‚</span> <span class='ocrx_word' id='word_1_121' title='bbox 653 1804 790 1863; x_wconf 76' lang='lat' dir='ltr'><strong>Iob.</strong></span> <span class='ocrx_word' id='word_1_122' title='bbox 827 1824 919 1863; x_wconf 84' lang='lat'><strong>12:</strong></span> <span class='ocrx_word' id='word_1_123' title='bbox 954 1789 1055 1873; x_wconf 81' lang='lat'><strong>3&#39;4.</strong></span> <span class='ocrx_word' id='word_1_124' title='bbox 1123 1802 1273 1861; x_wconf 86' lang='lat' dir='ltr'><strong>Eius</strong></span> 
     </span>
     <span class='ocr_line' id='line_1_21' title="bbox 240 1887 1275 1972; baseline -0.008 -20"><span class='ocrx_word' id='word_1_125' title='bbox 240 1912 510 1972; x_wconf 86' lang='lat' dir='ltr'><strong>regnum</strong></span> <span class='ocrx_word' id='word_1_126' title='bbox 542 1888 1023 1967; x_wconf 85' lang='lat' dir='ltr'><strong>Euangelicum,</strong></span> <span class='ocrx_word' id='word_1_127' title='bbox 1050 1887 1275 1945; x_wconf 82' lang='lat' dir='ltr'><strong>Matth.</strong></span> 
     </span>
     <span class='ocr_line' id='line_1_22' title="bbox 244 1973 1272 2046; baseline -0.008 -10"><span class='ocrx_word' id='word_1_128' title='bbox 244 1992 347 2046; x_wconf 79' lang='lat'><strong>24:</strong></span> <span class='ocrx_word' id='word_1_129' title='bbox 379 1979 440 2035; x_wconf 85' lang='lat'><strong>3.</strong></span> <span class='ocrx_word' id='word_1_130' title='bbox 507 1974 662 2032; x_wconf 88' lang='lat' dir='ltr'><strong>Eius</strong></span> <span class='ocrx_word' id='word_1_131' title='bbox 703 1974 952 2033; x_wconf 85' lang='lat' dir='ltr'><strong>Patrem</strong></span> <span class='ocrx_word' id='word_1_132' title='bbox 990 1973 1272 2031; x_wconf 73' lang='lat' dir='ltr'><strong>indicari</strong></span> 
     </span>
     <span class='ocr_line' id='line_1_23' title="bbox 242 2056 1274 2137; baseline -0.008 -16"><span class='ocrx_word' id='word_1_133' title='bbox 242 2081 378 2121; x_wconf 81' lang='lat' dir='ltr'><strong>non</strong></span> <span class='ocrx_word' id='word_1_134' title='bbox 426 2080 609 2137; x_wconf 86' lang='lat' dir='ltr'><strong>posse</strong></span> <span class='ocrx_word' id='word_1_135' title='bbox 646 2058 852 2129; x_wconf 80' lang='lat' dir='ltr'><strong>fama,</strong></span> <span class='ocrx_word' id='word_1_136' title='bbox 888 2056 1057 2114; x_wconf 88' lang='lat' dir='ltr'><strong>unde</strong></span> <span class='ocrx_word' id='word_1_137' title='bbox 1108 2057 1274 2135; x_wconf 85' lang='lat' dir='ltr'><strong>apud</strong></span> 
     </span>
     <span class='ocr_line' id='line_1_24' title="bbox 242 2139 1273 2221; baseline -0.008 -16"><span class='ocrx_word' id='word_1_138' title='bbox 242 2146 516 2206; x_wconf 83' lang='lat' dir='ltr'><strong>Iudaeos</strong></span> <span class='ocrx_word' id='word_1_139' title='bbox 542 2143 881 2221; x_wconf 73' lang='lat' dir='ltr'><strong>quosdam,</strong></span> <span class='ocrx_word' id='word_1_140' title='bbox 921 2139 1063 2199; x_wconf 87' lang='lat' dir='ltr'><strong>Iob.</strong></span> <span class='ocrx_word' id='word_1_141' title='bbox 1089 2161 1145 2218; x_wconf 88' lang='lat'><strong>7:</strong></span> <span class='ocrx_word' id='word_1_142' title='bbox 1177 2161 1273 2218; x_wconf 83' lang='lat'><strong>27.</strong></span> 
     </span>
     <span class='ocr_line' id='line_1_25' title="bbox 206 2226 1273 2304; baseline -0.007 -13"><span class='ocrx_word' id='word_1_143' title='bbox 206 2230 479 2291; x_wconf 82' lang='lat' dir='ltr'><strong>Messiae</strong></span> <span class='ocrx_word' id='word_1_144' title='bbox 544 2228 756 2304; x_wconf 81' lang='lat' dir='ltr'><strong>elogia</strong></span> <span class='ocrx_word' id='word_1_145' title='bbox 823 2226 1059 2283; x_wconf 87' lang='lat' dir='ltr'><strong>dantur</strong></span> <span class='ocrx_word' id='word_1_146' title='bbox 1112 2246 1273 2303; x_wconf 86' lang='lat' dir='ltr'><strong>quae</strong></span> 
     </span>
     <span class='ocr_line' id='line_1_26' title="bbox 248 2309 1270 2392; baseline -0.01 -18"><span class='ocrx_word' id='word_1_147' title='bbox 248 2312 517 2392; x_wconf 81' lang='lat' dir='ltr'>Angelis</span> <span class='ocrx_word' id='word_1_148' title='bbox 609 2309 815 2390; x_wconf 86' lang='lat' dir='ltr'><strong>aptari</strong></span> <span class='ocrx_word' id='word_1_149' title='bbox 904 2319 1227 2391; x_wconf 79' lang='lat' dir='ltr'><strong>nequeunt</strong></span> <span class='ocrx_word' id='word_1_150' title='bbox 1255 2355 1270 2382; x_wconf 89' lang='lat'>,</span> 
     </span>
     <span class='ocr_line' id='line_1_27' title="bbox 249 2394 1274 2470; baseline -0.006 -13"><span class='ocrx_word' id='word_1_151' title='bbox 249 2398 451 2457; x_wconf 83' lang='lat' dir='ltr'><strong>Hebr.</strong></span> <span class='ocrx_word' id='word_1_152' title='bbox 502 2415 553 2455; x_wconf 86' lang='lat'><strong>1:</strong></span> <span class='ocrx_word' id='word_1_153' title='bbox 607 2399 702 2454; x_wconf 89' lang='grc'><strong>13.</strong></span> <span class='ocrx_word' id='word_1_154' title='bbox 789 2394 1121 2470; x_wconf 81' lang='lat' dir='ltr'><strong>Applicari</strong></span> <span class='ocrx_word' id='word_1_155' title='bbox 1172 2415 1274 2451; x_wconf 88' lang='lat' dir='ltr'><strong>so-</strong></span> 
     </span>
     <span class='ocr_line' id='line_1_28' title="bbox 244 2476 1270 2559; baseline -0.007 -18"><span class='ocrx_word' id='word_1_156' title='bbox 244 2483 470 2540; x_wconf 86' lang='lat' dir='ltr'><strong>lebant</strong></span> <span class='ocrx_word' id='word_1_157' title='bbox 520 2500 680 2559; x_wconf 87' lang='lat' dir='ltr'><strong>quae</strong></span> <span class='ocrx_word' id='word_1_158' title='bbox 730 2479 807 2537; x_wconf 91' lang='lat' dir='ltr'><strong>de</strong></span> <span class='ocrx_word' id='word_1_159' title='bbox 855 2476 1103 2537; x_wconf 82' lang='lat' dir='ltr'><strong>honore</strong></span> <span class='ocrx_word' id='word_1_160' title='bbox 1152 2478 1270 2535; x_wconf 90' lang='lat' dir='ltr'><strong>Dei</strong></span> 
     </span>
     <span class='ocr_line' id='line_1_29' title="bbox 244 2563 1274 2638; baseline -0.006 -11"><span class='ocrx_word' id='word_1_161' title='bbox 244 2569 592 2638; x_wconf 85' lang='lat' dir='ltr'><strong>dicuntur,</strong></span> <span class='ocrx_word' id='word_1_162' title='bbox 649 2563 843 2622; x_wconf 88' lang='lat' dir='ltr'><strong>Hebr.</strong></span> <span class='ocrx_word' id='word_1_163' title='bbox 894 2583 942 2622; x_wconf 84' lang='lat'><strong>1:</strong></span> <span class='ocrx_word' id='word_1_164' title='bbox 990 2563 1067 2632; x_wconf 87' lang='lat'><strong>6,</strong></span> <span class='ocrx_word' id='word_1_165' title='bbox 1113 2563 1274 2621; x_wconf 85' lang='lat' dir='ltr'><strong>ibid.</strong></span> 
     </span>
     <span class='ocr_line' id='line_1_30' title="bbox 244 2647 1272 2712; baseline -0.005 -1"><span class='ocrx_word' id='word_1_166' title='bbox 244 2654 319 2712; x_wconf 86' lang='lat' dir='ltr'><strong>In</strong></span> <span class='ocrx_word' id='word_1_167' title='bbox 363 2650 658 2707; x_wconf 89' lang='lat' dir='ltr'><strong>omnibus</strong></span> <span class='ocrx_word' id='word_1_168' title='bbox 701 2649 769 2706; x_wconf 76' lang='lat' dir='ltr'><strong>ei‘</strong></span> <span class='ocrx_word' id='word_1_169' title='bbox 808 2647 993 2705; x_wconf 84' lang='lat' dir='ltr'><strong>fidem</strong></span> <span class='ocrx_word' id='word_1_170' title='bbox 1036 2647 1272 2707; x_wconf 87' lang='lat' dir='ltr'><strong>habere</strong></span> 
     </span>
     <span class='ocr_line' id='line_1_31' title="bbox 249 2730 1175 2812; baseline -0.004 -19"><span class='ocrx_word' id='word_1_171' title='bbox 249 2754 510 2812; x_wconf 81' lang='lat' dir='ltr'><strong>aequum</strong></span> <span class='ocrx_word' id='word_1_172' title='bbox 556 2741 691 2807; x_wconf 86' lang='lat' dir='ltr'><strong>est,</strong></span> <span class='ocrx_word' id='word_1_173' title='bbox 745 2730 878 2791; x_wconf 87' lang='lat' dir='ltr'><strong>loh.</strong></span> <span class='ocrx_word' id='word_1_174' title='bbox 936 2750 1027 2791; x_wconf 70' lang='grc' dir='ltr'><strong>ιιι</strong></span> <span class='ocrx_word' id='word_1_175' title='bbox 1077 2751 1175 2810; x_wconf 94' lang='grc'><strong>27.</strong></span> 
     </span>
     <span class='ocr_line' id='line_1_32' title="bbox 202 2816 1269 2895; baseline -0.007 -14"><span class='ocrx_word' id='word_1_176' title='bbox 202 2821 498 2881; x_wconf 87' lang='lat' dir='ltr'><strong>Messiam</strong></span> <span class='ocrx_word' id='word_1_177' title='bbox 542 2816 857 2895; x_wconf 86' lang='lat' dir='ltr'><strong>quomodo</strong></span> <span class='ocrx_word' id='word_1_178' title='bbox 882 2816 1139 2875; x_wconf 77' lang='lat' dir='ltr'>Veteris</span> <span class='ocrx_word' id='word_1_179' title='bbox 1167 2817 1269 2877; x_wconf 90' lang='lat' dir='ltr'><strong>Iu-</strong></span> 
     </span>
     <span class='ocr_line' id='line_1_33' title="bbox 249 2899 1267 2972; baseline -0.001 -11"><span class='ocrx_word' id='word_1_180' title='bbox 249 2905 390 2962; x_wconf 84' lang='lat' dir='ltr'><strong>daei</strong></span> <span class='ocrx_word' id='word_1_181' title='bbox 435 2903 860 2972; x_wconf 77' lang='lat' dir='ltr'><strong>vocaverint,</strong></span> <span class='ocrx_word' id='word_1_182' title='bbox 910 2899 1134 2958; x_wconf 86' lang='lat' dir='ltr'><strong>Matth.</strong></span> <span class='ocrx_word' id='word_1_183' title='bbox 1172 2921 1267 2960; x_wconf 85' lang='lat'><strong>20:</strong></span> 
     </span>
     <span class='ocr_line' id='line_1_34' title="bbox 248 2984 1268 3062; baseline -0.005 -14"><span class='ocrx_word' id='word_1_184' title='bbox 248 2993 347 3048; x_wconf 83' lang='grc'><strong>28.</strong></span> <span class='ocrx_word' id='word_1_185' title='bbox 440 2986 649 3044; x_wconf 87' lang='lat' dir='ltr'><strong>Suum.</strong></span> <span class='ocrx_word' id='word_1_186' title='bbox 689 2984 1007 3062; x_wconf 83' lang='lat' dir='ltr'><strong>quomodo</strong></span> <span class='ocrx_word' id='word_1_187' title='bbox 1057 2984 1268 3043; x_wconf 85' lang='lat' dir='ltr'><strong>ludaei</strong></span> 
     </span>
     <span class='ocr_line' id='line_1_35' title="bbox 247 3067 1273 3146; baseline -0.004 -15"><span class='ocrx_word' id='word_1_188' title='bbox 247 3074 487 3131; x_wconf 78' lang='lat' dir='ltr'><strong>Graece</strong></span> <span class='ocrx_word' id='word_1_189' title='bbox 515 3069 1016 3146; x_wconf 78' lang='lat' dir='ltr'><strong>appellaverint,</strong></span> <span class='ocrx_word' id='word_1_190' title='bbox 1043 3067 1273 3128; x_wconf 87' lang='lat' dir='ltr'><strong>Matth.</strong></span> 
     </span>
     <span class='ocr_line' id='line_1_36' title="bbox 253 3150 1266 3231; baseline -0.005 -17"><span class='ocrx_word' id='word_1_191' title='bbox 253 3175 304 3214; x_wconf 85' lang='lat'><strong>1:</strong></span> <span class='ocrx_word' id='word_1_192' title='bbox 358 3156 454 3214; x_wconf 85' lang='grc'><strong>16.</strong></span> <span class='ocrx_word' id='word_1_193' title='bbox 526 3153 663 3214; x_wconf 83' lang='lat' dir='ltr'><strong>Nou</strong></span> <span class='ocrx_word' id='word_1_194' title='bbox 709 3154 847 3211; x_wconf 79' lang='lat' dir='ltr'><strong>sore</strong></span> <span class='ocrx_word' id='word_1_195' title='bbox 888 3150 1266 3231; x_wconf 82' lang='lat' dir='ltr'><strong>Prophetam</strong></span> 
     </span>
     <span class='ocr_line' id='line_1_37' title="bbox 241 3227 1268 3320; baseline 0.001 -26"><span class='ocrx_word' id='word_1_196' title='bbox 241 3240 634 3320; x_wconf 69' lang='lat' dir='ltr'><strong>posteriores</strong></span> <span class='ocrx_word' id='word_1_197' title='bbox 683 3237 901 3296; x_wconf 85' lang='lat' dir='ltr'><strong>Iudaei</strong></span> <span class='ocrx_word' id='word_1_198' title='bbox 950 3238 1020 3294; x_wconf 89' lang='lat' dir='ltr'><strong>in</strong></span> <span class='ocrx_word' id='word_1_199' title='bbox 1067 3227 1268 3312; x_wconf 81' lang='lat' dir='ltr'><strong>nostri</strong></span> 
     </span>
    </p>
   </div>
   <div class='ocr_carea' id='block_1_5' title="bbox 245 3320 1291 3395">
    <p class='ocr_par' dir='ltr' id='par_1_6' title="bbox 245 3320 1291 3395">
     <span class='ocr_line' id='line_1_38' title="bbox 245 3320 1291 3395; baseline 0 -13"><span class='ocrx_word' id='word_1_200' title='bbox 245 3327 461 3382; x_wconf 87' lang='lat' dir='ltr'><strong>odium</strong></span> <span class='ocrx_word' id='word_1_201' title='bbox 504 3324 995 3395; x_wconf 78' lang='lat' dir='ltr'><strong>confinxerunt,</strong></span> <span class='ocrx_word' id='word_1_202' title='bbox 1034 3320 1176 3380; x_wconf 81' lang='lat' dir='ltr'><strong>loh.</strong></span> <span class='ocrx_word' id='word_1_203' title='bbox 1206 3336 1291 3393; x_wconf 75' lang='lat'><strong>4³·</strong></span> 
     </span>
    </p>
   </div>
   <div class='ocr_carea' id='block_1_6' title="bbox 192 3406 1267 3988">
    <p class='ocr_par' dir='ltr' id='par_1_7' title="bbox 192 3406 1267 3988">
     <span class='ocr_line' id='line_1_39' title="bbox 243 3406 1265 3484; baseline -0.004 -15"><span class='ocrx_word' id='word_1_204' title='bbox 243 3412 344 3469; x_wconf 91' lang='grc'><strong>25.</strong></span> <span class='ocrx_word' id='word_1_205' title='bbox 398 3406 721 3465; x_wconf 82' lang='lat' dir='ltr'><strong>Midrascli</strong></span> <span class='ocrx_word' id='word_1_206' title='bbox 758 3406 846 3463; x_wconf 92' lang='lat' dir='ltr'><strong>ait</strong></span> <span class='ocrx_word' id='word_1_207' title='bbox 877 3408 1086 3467; x_wconf 81' lang='lat' dir='ltr'><strong>coecis</strong></span> <span class='ocrx_word' id='word_1_208' title='bbox 1120 3427 1265 3484; x_wconf 88' lang='lat' dir='ltr'><strong>ape-</strong></span> 
     </span>
     <span class='ocr_line' id='line_1_40' title="bbox 241 3489 1228 3570; baseline 0 -21"><span class='ocrx_word' id='word_1_209' title='bbox 241 3494 517 3549; x_wconf 74' lang='lat' dir='ltr'><strong>ritur-uni</strong></span> <span class='ocrx_word' id='word_1_210' title='bbox 563 3492 782 3549; x_wconf 78' lang='lat' dir='ltr'><strong>oculos</strong></span> <span class='ocrx_word' id='word_1_211' title='bbox 806 3535 823 3564; x_wconf 89' lang='lat'>,</span> <span class='ocrx_word' id='word_1_212' title='bbox 865 3489 1005 3549; x_wconf 90' lang='lat' dir='ltr'><strong>loh.</strong></span> <span class='ocrx_word' id='word_1_213' title='bbox 1036 3514 1094 3570; x_wconf 85' lang='lat'><strong>9:</strong></span> <span class='ocrx_word' id='word_1_214' title='bbox 1130 3495 1228 3551; x_wconf 89' lang='grc'><strong>32.</strong></span> 
     </span>
     <span class='ocr_line' id='line_1_41' title="bbox 197 3575 1266 3654; baseline -0.001 -21"><span class='ocrx_word' id='word_1_215' title='bbox 197 3576 654 3654; x_wconf 71' lang='lat' dir='ltr'><strong>Metropolitae</strong></span> <span class='ocrx_word' id='word_1_216' title='bbox 735 3575 996 3652; x_wconf 83' lang='lat' dir='ltr'><strong>quinam</strong></span> <span class='ocrx_word' id='word_1_217' title='bbox 1068 3576 1266 3651; x_wconf 87' lang='lat' dir='ltr'><strong>dicti,</strong></span> 
     </span>
     <span class='ocr_line' id='line_1_42' title="bbox 240 3658 1265 3735; baseline -0.001 -16"><span class='ocrx_word' id='word_1_218' title='bbox 240 3660 407 3735; x_wconf 76' lang='lat' dir='ltr'><strong>Eph.</strong></span> <span class='ocrx_word' id='word_1_219' title='bbox 450 3675 511 3727; x_wconf 79' lang='lat'><strong>4:</strong></span> <span class='ocrx_word' id='word_1_220' title='bbox 562 3678 656 3718; x_wconf 89' lang='grc'><strong>11.</strong></span> <span class='ocrx_word' id='word_1_221' title='bbox 744 3658 979 3718; x_wconf 85' lang='lat' dir='ltr'><strong>Eorum</strong></span> <span class='ocrx_word' id='word_1_222' title='bbox 1026 3661 1265 3733; x_wconf 89' lang='lat' dir='ltr'><strong>officia,</strong></span> 
     </span>
     <span class='ocr_line' id='line_1_43' title="bbox 232 3739 1267 3823; baseline -0.002 -20"><span class='ocrx_word' id='word_1_223' title='bbox 232 3745 397 3803; x_wconf 79' lang='lat' dir='ltr'><strong>ib1d.</strong></span> <span class='ocrx_word' id='word_1_224' title='bbox 462 3739 795 3813; x_wconf 80' lang='lat' dir='ltr'><strong>Quomodo</strong></span> <span class='ocrx_word' id='word_1_225' title='bbox 825 3744 902 3801; x_wconf 89' lang='lat' dir='ltr'><strong>ab</strong></span> <span class='ocrx_word' id='word_1_226' title='bbox 930 3742 1267 3823; x_wconf 82' lang='lat' dir='ltr'><strong>Episcopis</strong></span> 
     </span>
     <span class='ocr_line' id='line_1_44' title="bbox 243 3828 1185 3898; baseline -0.002 -11"><span class='ocrx_word' id='word_1_227' title='bbox 243 3828 674 3898; x_wconf 83' lang='lat' dir='ltr'><strong>differebant,</strong></span> <span class='ocrx_word' id='word_1_228' title='bbox 722 3845 759 3885; x_wconf 89' lang='grc'><strong>2</strong></span> <span class='ocrx_word' id='word_1_229' title='bbox 805 3828 973 3886; x_wconf 87' lang='lat' dir='ltr'><strong>Tim.</strong></span> <span class='ocrx_word' id='word_1_230' title='bbox 1018 3847 1076 3888; x_wconf 81' lang='lat'><strong>2:</strong></span> <span class='ocrx_word' id='word_1_231' title='bbox 1127 3849 1185 3889; x_wconf 92' lang='grc'><strong>2.</strong></span> 
     </span>
     <span class='ocr_line' id='line_1_45' title="bbox 192 3911 1264 3988; baseline -0.004 -14"><span class='ocrx_word' id='word_1_232' title='bbox 192 3913 405 3974; x_wconf 77' lang='lat' dir='ltr'><strong>Metus</strong></span> <span class='ocrx_word' id='word_1_233' title='bbox 434 3984 437 3988; x_wconf 23' lang='lat'><em>⁷</em></span> <span class='ocrx_word' id='word_1_234' title='bbox 467 3911 770 3970; x_wconf 78' lang='lat' dir='ltr'><strong>servilem</strong></span> <span class='ocrx_word' id='word_1_235' title='bbox 829 3912 1264 3972; x_wconf 84' lang='lat' dir='ltr'><strong>conditionem</strong></span> 
     </span>
    </p>
   </div>
   <div class='ocr_carea' id='block_1_7' title="bbox 1353 1132 2386 1629">
    <p class='ocr_par' dir='ltr' id='par_1_8' title="bbox 1353 1132 2386 1629">
     <span class='ocr_line' id='line_1_46' title="bbox 1354 1132 2386 1214; baseline 0.007 -25"><span class='ocrx_word' id='word_1_236' title='bbox 1354 1132 2386 1214; x_wconf 71' lang='lat' dir='ltr'><strong>torianus,aTiberiiltemporibus</strong></span> 
     </span>
     <span class='ocr_line' id='line_1_47' title="bbox 1355 1213 2381 1290; baseline 0.002 -17"><span class='ocrx_word' id='word_1_237' title='bbox 1355 1216 1424 1273; x_wconf 88' lang='lat' dir='ltr'><strong>in</strong></span> <span class='ocrx_word' id='word_1_238' title='bbox 1493 1217 1725 1274; x_wconf 85' lang='lat' dir='ltr'><strong>castris</strong></span> <span class='ocrx_word' id='word_1_239' title='bbox 1789 1213 2088 1290; x_wconf 88' lang='lat' dir='ltr'><strong>habitus,</strong></span> <span class='ocrx_word' id='word_1_240' title='bbox 2153 1229 2220 1280; x_wconf 85' lang='lat' dir='ltr'><strong>et</strong></span> <span class='ocrx_word' id='word_1_241' title='bbox 2263 1222 2381 1279; x_wconf 88' lang='lat' dir='ltr'><strong>sub</strong></span> 
     </span>
     <span class='ocr_line' id='line_1_48' title="bbox 1354 1301 2386 1363; baseline 0.001 -5"><span class='ocrx_word' id='word_1_242' title='bbox 1354 1301 1490 1358; x_wconf 87' lang='lat' dir='ltr'><strong>eins</strong></span> <span class='ocrx_word' id='word_1_243' title='bbox 1556 1320 1713 1358; x_wconf 90' lang='lat' dir='ltr'><strong>cura</strong></span> <span class='ocrx_word' id='word_1_244' title='bbox 1757 1320 2012 1359; x_wconf 78' lang='lat' dir='ltr'><strong>reorum</strong></span> <span class='ocrx_word' id='word_1_245' title='bbox 2059 1302 2188 1361; x_wconf 87' lang='lat' dir='ltr'><strong>suit</strong></span> <span class='ocrx_word' id='word_1_246' title='bbox 2234 1324 2386 1363; x_wconf 87' lang='lat' dir='ltr'><strong>cus..</strong></span> 
     </span>
     <span class='ocr_line' id='line_1_49' title="bbox 1355 1383 2382 1457; baseline 0.005 -15"><span class='ocrx_word' id='word_1_247' title='bbox 1355 1383 1571 1457; x_wconf 84' lang='lat' dir='ltr'><strong>todia,</strong></span> <span class='ocrx_word' id='word_1_248' title='bbox 1622 1383 1764 1441; x_wconf 87' lang='lat' dir='ltr'><strong>Act.</strong></span> <span class='ocrx_word' id='word_1_249' title='bbox 1820 1388 1911 1442; x_wconf 84' lang='lat'><strong>18:</strong></span> <span class='ocrx_word' id='word_1_250' title='bbox 1967 1385 2064 1443; x_wconf 92' lang='grc'><strong>16.</strong></span> <span class='ocrx_word' id='word_1_251' title='bbox 2151 1388 2382 1447; x_wconf 87' lang='lat' dir='ltr'><strong>Militis</strong></span> 
     </span>
     <span class='ocr_line' id='line_1_50' title="bbox 1353 1468 2385 1547; baseline 0.007 -20"><span class='ocrx_word' id='word_1_252' title='bbox 1353 1477 1451 1527; x_wconf 85' lang='lat' dir='ltr'><strong>est</strong></span> <span class='ocrx_word' id='word_1_253' title='bbox 1496 1488 1628 1526; x_wconf 86' lang='lat' dir='ltr'><strong>non</strong></span> <span class='ocrx_word' id='word_1_254' title='bbox 1674 1468 1935 1547; x_wconf 83' lang='lat' dir='ltr'><strong>fatigari</strong></span> <span class='ocrx_word' id='word_1_255' title='bbox 1982 1480 2048 1529; x_wconf 84' lang='lat' dir='ltr'><strong>et</strong></span> <span class='ocrx_word' id='word_1_256' title='bbox 2095 1480 2264 1531; x_wconf 83' lang='lat' dir='ltr'><strong>stare</strong></span> <span class='ocrx_word' id='word_1_257' title='bbox 2311 1473 2385 1535; x_wconf 81' lang='lat' dir='ltr'><strong>in</strong></span> 
     </span>
     <span class='ocr_line' id='line_1_51' title="bbox 1357 1551 2116 1629; baseline 0.009 -21"><span class='ocrx_word' id='word_1_258' title='bbox 1357 1552 1644 1627; x_wconf 79' lang='lat' dir='ltr'><strong>praelio,</strong></span> <span class='ocrx_word' id='word_1_259' title='bbox 1694 1551 1861 1629; x_wconf 87' lang='lat' dir='ltr'><strong>Eph.</strong></span> <span class='ocrx_word' id='word_1_260' title='bbox 1906 1553 1963 1612; x_wconf 82' lang='lat'><strong>6:</strong></span> <span class='ocrx_word' id='word_1_261' title='bbox 2021 1573 2116 1615; x_wconf 80' lang='grc'><strong>12.</strong></span> 
     </span>
    </p>
   </div>
   <div class='ocr_carea' id='block_1_8' title="bbox 1318 1635 2379 1717">
    <p class='ocr_par' dir='ltr' id='par_1_9' title="bbox 1318 1635 2379 1717">
     <span class='ocr_line' id='line_1_52' title="bbox 1318 1635 2379 1717; baseline 0.005 -23"><span class='ocrx_word' id='word_1_262' title='bbox 1318 1636 1770 1694; x_wconf 82' lang='lat' dir='ltr'><strong>Milites&#39;scuto</strong></span> <span class='ocrx_word' id='word_1_263' title='bbox 1798 1645 1880 1693; x_wconf 84' lang='lat' dir='ltr'><strong>et·</strong></span> <span class='ocrx_word' id='word_1_264' title='bbox 1901 1635 2085 1697; x_wconf 87' lang='lat' dir='ltr'><strong>hasta</strong></span> <span class='ocrx_word' id='word_1_265' title='bbox 2117 1641 2379 1717; x_wconf 87' lang='lat' dir='ltr'><strong>quando</strong></span> 
     </span>
    </p>
   </div>
   <div class='ocr_carea' id='block_1_9' title="bbox 1344 1718 2462 3981">
    <p class='ocr_par' dir='ltr' id='par_1_10' title="bbox 1344 1718 2462 3981">
     <span class='ocr_line' id='line_1_53' title="bbox 1353 1718 2375 1801; baseline 0.005 -23"><span class='ocrx_word' id='word_1_266' title='bbox 1353 1729 1616 1779; x_wconf 81' lang='lat' dir='ltr'><strong>utantur</strong></span> <span class='ocrx_word' id='word_1_267' title='bbox 1634 1765 1649 1793; x_wconf 87' lang='lat'>,</span> <span class='ocrx_word' id='word_1_268' title='bbox 1677 1730 1754 1777; x_wconf 76' lang='lat' dir='ltr'><strong>et-</strong></span> <span class='ocrx_word' id='word_1_269' title='bbox 1774 1718 1934 1779; x_wconf 87' lang='lat' dir='ltr'><strong>haec</strong></span> <span class='ocrx_word' id='word_1_270' title='bbox 1961 1723 2067 1778; x_wconf 89' lang='lat' dir='ltr'><strong>ubi</strong></span> <span class='ocrx_word' id='word_1_271' title='bbox 2093 1734 2375 1801; x_wconf 83' lang='lat' dir='ltr'><strong>gestent,</strong></span> 
     </span>
     <span class='ocr_line' id='line_1_54' title="bbox 1354 1803 2384 1880; baseline 0.003 -17"><span class='ocrx_word' id='word_1_272' title='bbox 1354 1824 1393 1863; x_wconf 90' lang='grc'><strong>2</strong></span> <span class='ocrx_word' id='word_1_273' title='bbox 1442 1804 1588 1862; x_wconf 86' lang='lat' dir='ltr'><strong>Cor.</strong></span> <span class='ocrx_word' id='word_1_274' title='bbox 1631 1805 1688 1862; x_wconf 79' lang='lat' dir='ltr'><strong>b&#39;:</strong></span> <span class='ocrx_word' id='word_1_275' title='bbox 1735 1825 1800 1880; x_wconf 88' lang='lat'><strong>7.</strong></span> <span class='ocrx_word' id='word_1_276' title='bbox 1894 1803 1986 1862; x_wconf 76' lang='lat' dir='ltr'><strong>Ex</strong></span> <span class='ocrx_word' id='word_1_277' title='bbox 2033 1826 2207 1865; x_wconf 85' lang='lat' dir='ltr'><strong>more</strong></span> <span class='ocrx_word' id='word_1_278' title='bbox 2251 1808 2384 1866; x_wconf 71' lang='lat' dir='ltr'><strong>Re-</strong></span> 
     </span>
     <span class='ocr_line' id='line_1_55' title="bbox 1353 1890 2383 1957; baseline 0.004 -10"><span class='ocrx_word' id='word_1_279' title='bbox 1353 1910 1687 1947; x_wconf 83' lang='lat' dir='ltr'><strong>manorum</strong></span> <span class='ocrx_word' id='word_1_280' title='bbox 1735 1890 2086 1957; x_wconf 72' lang='lat' dir='ltr'><strong>servabant</strong></span> <span class='ocrx_word' id='word_1_281' title='bbox 2117 1893 2383 1951; x_wconf 81' lang='lat' dir='ltr'><strong>crucifi-</strong></span> 
     </span>
     <span class='ocr_line' id='line_1_56' title="bbox 1348 1969 2381 2055; baseline 0.006 -25"><span class='ocrx_word' id='word_1_282' title='bbox 1348 1994 1468 2031; x_wconf 81' lang='lat' dir='ltr'><strong>xos</strong></span> <span class='ocrx_word' id='word_1_283' title='bbox 1491 2019 1506 2047; x_wconf 88' lang='lat'>,</span> <span class='ocrx_word' id='word_1_284' title='bbox 1535 1969 1757 2029; x_wconf 69' lang='lat' dir='ltr'><strong>Manli.</strong></span> <span class='ocrx_word' id='word_1_285' title='bbox 1779 1992 1877 2047; x_wconf 71' lang='lat'><strong>27³.</strong></span> <span class='ocrx_word' id='word_1_286' title='bbox 1903 1973 2015 2049; x_wconf 77' lang='lat'><strong>36,</strong></span> <span class='ocrx_word' id='word_1_287' title='bbox 2042 1978 2143 2042; x_wconf 90' lang='grc'><strong>54.</strong></span> <span class='ocrx_word' id='word_1_288' title='bbox 2190 1974 2381 2055; x_wconf 80' lang='lat' dir='ltr'><strong>Apud</strong></span> 
     </span>
     <span class='ocr_line' id='line_1_57' title="bbox 1351 2057 2380 2119; baseline 0.006 -6"><span class='ocrx_word' id='word_1_289' title='bbox 1351 2057 1676 2119; x_wconf 85' lang='lat' dir='ltr'><strong>Romanos</strong></span> <span class='ocrx_word' id='word_1_290' title='bbox 1700 2067 2036 2116; x_wconf 74' lang='lat' dir='ltr'><strong>exactores</strong></span> <span class='ocrx_word' id='word_1_291' title='bbox 2065 2062 2287 2118; x_wconf 81' lang='lat' dir='ltr'><strong>mortis</strong></span> <span class='ocrx_word' id='word_1_292' title='bbox 2314 2068 2380 2118; x_wconf 86' lang='lat' dir='ltr'><strong>et</strong></span> 
     </span>
     <span class='ocr_line' id='line_1_58' title="bbox 1349 2141 2378 2219; baseline 0.003 -20"><span class='ocrx_word' id='word_1_293' title='bbox 1349 2141 1807 2219; x_wconf 71' lang='lat' dir='ltr'><strong>suppliciorum</strong></span> <span class='ocrx_word' id='word_1_294' title='bbox 1839 2151 2056 2205; x_wconf 55' lang='lat' dir='ltr'><strong>erant</strong></span> <span class='ocrx_word' id='word_1_295' title='bbox 2078 2186 2095 2214; x_wconf 87' lang='lat'>,</span> <span class='ocrx_word' id='word_1_296' title='bbox 2149 2142 2378 2202; x_wconf 81' lang='lat' dir='ltr'><strong>Matth.</strong></span> 
     </span>
     <span class='ocr_line' id='line_1_59' title="bbox 1351 2224 2382 2306; baseline 0.001 -21"><span class='ocrx_word' id='word_1_297' title='bbox 1351 2246 1450 2302; x_wconf 82' lang='lat'><strong>27:</strong></span> <span class='ocrx_word' id='word_1_298' title='bbox 1496 2245 1614 2303; x_wconf 82' lang='lat'><strong>29,</strong></span> <span class='ocrx_word' id='word_1_299' title='bbox 1661 2228 1764 2285; x_wconf 86' lang='grc'><strong>35.</strong></span> <span class='ocrx_word' id='word_1_300' title='bbox 1839 2224 2131 2284; x_wconf 79' lang='lat' dir='ltr'><strong>Sentium</strong></span> <span class='ocrx_word' id='word_1_301' title='bbox 2178 2227 2382 2306; x_wconf 84' lang='lat' dir='ltr'><strong>spolia</strong></span> 
     </span>
     <span class='ocr_line' id='line_1_60' title="bbox 1350 2309 2448 2371; baseline 0.004 -4"><span class='ocrx_word' id='word_1_302' title='bbox 1350 2309 1475 2367; x_wconf 88' lang='lat' dir='ltr'><strong>sibi</strong></span> <span class='ocrx_word' id='word_1_303' title='bbox 1554 2309 1986 2368; x_wconf 81' lang='lat' dir='ltr'><strong>vindicabant</strong></span> <span class='ocrx_word' id='word_1_304' title='bbox 2050 2332 2132 2369; x_wconf 83' lang='lat' dir='ltr'><strong>ex</strong></span> <span class='ocrx_word' id='word_1_305' title='bbox 2199 2333 2379 2371; x_wconf 80' lang='lat' dir='ltr'><strong>more</strong></span> <span class='ocrx_word' id='word_1_306' title='bbox 2445 2356 2448 2357; x_wconf 21' lang='grc' dir='ltr'><em>ν</em></span> 
     </span>
     <span class='ocr_line' id='line_1_61' title="bbox 1353 2393 2378 2467; baseline 0.002 -15"><span class='ocrx_word' id='word_1_307' title='bbox 1353 2394 1642 2452; x_wconf 86' lang='lat' dir='ltr'><strong>Romano</strong></span> <span class='ocrx_word' id='word_1_308' title='bbox 1666 2435 1682 2463; x_wconf 89' lang='lat'>‚</span> <span class='ocrx_word' id='word_1_309' title='bbox 1727 2393 1888 2452; x_wconf 85' lang='lat' dir='ltr'><strong>ibid.</strong></span> <span class='ocrx_word' id='word_1_310' title='bbox 1922 2399 1997 2453; x_wconf 82' lang='lat'><strong>35</strong></span> <span class='ocrx_word' id='word_1_311' title='bbox 2024 2440 2039 2463; x_wconf 84' lang='lat'>‚</span> <span class='ocrx_word' id='word_1_312' title='bbox 2070 2398 2175 2463; x_wconf 89' lang='grc'><strong>54.</strong></span> <span class='ocrx_word' id='word_1_313' title='bbox 2235 2396 2378 2467; x_wconf 87' lang='lat' dir='ltr'><strong>Quo</strong></span> 
     </span>
     <span class='ocr_line' id='line_1_62' title="bbox 1348 2466 2432 2539; baseline 0.002 -3"><span class='ocrx_word' id='word_1_314' title='bbox 1348 2498 1540 2536; x_wconf 86' lang='lat' dir='ltr'><strong>sensu</strong></span> <span class='ocrx_word' id='word_1_315' title='bbox 1606 2476 1836 2536; x_wconf 83' lang='lat' dir='ltr'><strong>Filium</strong></span> <span class='ocrx_word' id='word_1_316' title='bbox 1900 2479 2020 2537; x_wconf 90' lang='lat' dir='ltr'><strong>Dei</strong></span> <span class='ocrx_word' id='word_1_317' title='bbox 2070 2466 2432 2539; x_wconf 63' lang='lat' dir='ltr'><strong>noverint⁰⁰</strong></span> 
     </span>
     <span class='ocr_line' id='line_1_63' title="bbox 1350 2562 2382 2642; baseline 0.004 -21"><span class='ocrx_word' id='word_1_318' title='bbox 1350 2565 1762 2639; x_wconf 85' lang='lat' dir='ltr'><strong>morientem,</strong></span> <span class='ocrx_word' id='word_1_319' title='bbox 1788 2563 1948 2624; x_wconf 88' lang='lat' dir='ltr'><strong>ibid.</strong></span> <span class='ocrx_word' id='word_1_320' title='bbox 2003 2562 2156 2624; x_wconf 70' lang='lat' dir='ltr'><strong>&#39;Non</strong></span> <span class='ocrx_word' id='word_1_321' title='bbox 2191 2585 2382 2642; x_wconf 77' lang='lat' dir='ltr'><strong>prae-</strong></span> 
     </span>
     <span class='ocr_line' id='line_1_64' title="bbox 1347 2649 2382 2726; baseline 0.005 -22"><span class='ocrx_word' id='word_1_322' title='bbox 1347 2651 1656 2706; x_wconf 83' lang='lat' dir='ltr'><strong>stiterunt</strong></span> <span class='ocrx_word' id='word_1_323' title='bbox 1717 2649 2108 2726; x_wconf 78' lang='lat' dir='ltr'><strong>redemptum</strong></span> <span class='ocrx_word' id='word_1_324' title='bbox 2175 2651 2382 2709; x_wconf 87' lang='lat' dir='ltr'><strong>silen-</strong></span> 
     </span>
     <span class='ocr_line' id='line_1_65' title="bbox 1347 2732 2382 2811; baseline 0.005 -23"><span class='ocrx_word' id='word_1_325' title='bbox 1347 2734 1499 2789; x_wconf 84' lang='lat' dir='ltr'><strong>tium</strong></span> <span class='ocrx_word' id='word_1_326' title='bbox 1527 2777 1544 2806; x_wconf 89' lang='lat'><strong>,</strong></span> <span class='ocrx_word' id='word_1_327' title='bbox 1592 2732 1702 2790; x_wconf 83' lang='lat' dir='ltr'><strong>sed</strong></span> <span class='ocrx_word' id='word_1_328' title='bbox 1746 2734 2137 2811; x_wconf 80' lang='lat' dir='ltr'><strong>evulgarunt</strong></span> <span class='ocrx_word' id='word_1_329' title='bbox 2173 2733 2382 2793; x_wconf 84' lang='lat' dir='ltr'><strong>histo-</strong></span> 
     </span>
     <span class='ocr_line' id='line_1_66' title="bbox 1345 2817 2380 2897; baseline 0.003 -23"><span class='ocrx_word' id='word_1_330' title='bbox 1345 2817 1510 2875; x_wconf 84' lang='lat' dir='ltr'><strong>riam</strong></span> <span class='ocrx_word' id='word_1_331' title='bbox 1558 2817 1635 2874; x_wconf 89' lang='lat' dir='ltr'><strong>de</strong></span> <span class='ocrx_word' id='word_1_332' title='bbox 1675 2817 1930 2894; x_wconf 66' lang='lat' dir='ltr'><strong>‘Angelo</strong></span> <span class='ocrx_word' id='word_1_333' title='bbox 1981 2837 2118 2877; x_wconf 88' lang='lat' dir='ltr'><strong>cum</strong></span> <span class='ocrx_word' id='word_1_334' title='bbox 2168 2820 2380 2897; x_wconf 85' lang='lat' dir='ltr'><strong>gloria</strong></span> 
     </span>
     <span class='ocr_line' id='line_1_67' title="bbox 1348 2899 2378 2982; baseline 0.002 -24"><span class='ocrx_word' id='word_1_335' title='bbox 1348 2901 1777 2958; x_wconf 81' lang='lat' dir='ltr'><strong>descendente</strong></span> <span class='ocrx_word' id='word_1_336' title='bbox 1803 2910 1866 2958; x_wconf 87' lang='lat' dir='ltr'><strong>et</strong></span> <span class='ocrx_word' id='word_1_337' title='bbox 1895 2899 2137 2960; x_wconf 74' lang='lat' dir='ltr'><strong>Christi</strong></span> <span class='ocrx_word' id='word_1_338' title='bbox 2166 2903 2378 2982; x_wconf 87' lang='lat' dir='ltr'><strong>sepul-</strong></span> 
     </span>
     <span class='ocr_line' id='line_1_68' title="bbox 1349 2983 2376 3060; baseline 0.007 -21"><span class='ocrx_word' id='word_1_339' title='bbox 1349 2983 1570 3040; x_wconf 85' lang='lat' dir='ltr'><strong>chrum</strong></span> <span class='ocrx_word' id='word_1_340' title='bbox 1587 2983 1939 3060; x_wconf 73' lang='lat' dir='ltr'><strong>aperiente,</strong></span> <span class='ocrx_word' id='word_1_341' title='bbox 1960 2985 2295 3046; x_wconf 56' lang='lat' dir='ltr'><strong>mattha&amp;</strong></span> <span class='ocrx_word' id='word_1_342' title='bbox 2322 3007 2344 3045; x_wconf 85' lang='grc'><strong>1</strong></span> <span class='ocrx_word' id='word_1_343' title='bbox 2359 3028 2376 3045; x_wconf 96' lang='grc'><strong>.</strong></span> 
     </span>
     <span class='ocr_line' id='line_1_69' title="bbox 1346 3068 2374 3147; baseline 0.003 -22"><span class='ocrx_word' id='word_1_344' title='bbox 1346 3068 1663 3125; x_wconf 82' lang='lat' dir='ltr'><strong>Solebant</strong></span> <span class='ocrx_word' id='word_1_345' title='bbox 1687 3068 1899 3124; x_wconf 88' lang='lat' dir='ltr'><strong>notari</strong></span> <span class='ocrx_word' id='word_1_346' title='bbox 1925 3068 1996 3126; x_wconf 81' lang='lat' dir='ltr'><strong>in</strong></span> <span class='ocrx_word' id='word_1_347' title='bbox 2015 3079 2193 3146; x_wconf 86' lang='lat' dir='ltr'><strong>parte</strong></span> <span class='ocrx_word' id='word_1_348' title='bbox 2214 3090 2374 3147; x_wconf 85' lang='lat' dir='ltr'><strong>quae</strong></span> 
     </span>
     <span class='ocr_line' id='line_1_70' title="bbox 1346 3152 2380 3211; baseline 0 -2"><span class='ocrx_word' id='word_1_349' title='bbox 1346 3162 1445 3210; x_wconf 89' lang='lat' dir='ltr'><strong>est</strong></span> <span class='ocrx_word' id='word_1_350' title='bbox 1487 3153 1657 3208; x_wconf 88' lang='lat' dir='ltr'><strong>inter</strong></span> <span class='ocrx_word' id='word_1_351' title='bbox 1700 3171 1958 3207; x_wconf 87' lang='lat' dir='ltr'><strong>manum</strong></span> <span class='ocrx_word' id='word_1_352' title='bbox 2005 3162 2068 3209; x_wconf 90' lang='lat' dir='ltr'><strong>et</strong></span> <span class='ocrx_word' id='word_1_353' title='bbox 2110 3152 2380 3211; x_wconf 84' lang='lat' dir='ltr'><strong>brachi-</strong></span> 
     </span>
     <span class='ocr_line' id='line_1_71' title="bbox 1348 3235 2374 3315; baseline 0 -22"><span class='ocrx_word' id='word_1_354' title='bbox 1348 3256 1448 3293; x_wconf 89' lang='lat' dir='ltr'><strong>um</strong></span> <span class='ocrx_word' id='word_1_355' title='bbox 1479 3278 1497 3307; x_wconf 92' lang='lat'>,</span> <span class='ocrx_word' id='word_1_356' title='bbox 1569 3235 1769 3309; x_wconf 81' lang='lat' dir='ltr'><strong>Apoc.</strong></span> <span class='ocrx_word' id='word_1_357' title='bbox 1833 3237 1936 3295; x_wconf 69' lang='grc' dir='ltr'><strong>131Ι</strong></span> <span class='ocrx_word' id='word_1_358' title='bbox 1996 3235 2092 3299; x_wconf 87' lang='grc'><strong>16.</strong></span> <span class='ocrx_word' id='word_1_359' title='bbox 2183 3236 2374 3315; x_wconf 81' lang='lat' dir='ltr'><strong>cingi</strong></span> 
     </span>
     <span class='ocr_line' id='line_1_72' title="bbox 1346 3317 2378 3390; baseline -0.001 -12"><span class='ocrx_word' id='word_1_360' title='bbox 1346 3320 1684 3390; x_wconf 85' lang='lat' dir='ltr'><strong>solebant,</strong></span> <span class='ocrx_word' id='word_1_361' title='bbox 1737 3317 1897 3380; x_wconf 86' lang='lat' dir='ltr'><strong>Luc.</strong></span> <span class='ocrx_word' id='word_1_362' title='bbox 1933 3338 2035 3380; x_wconf 70' lang='lat'><strong>12:</strong></span> <span class='ocrx_word' id='word_1_363' title='bbox 2083 3323 2183 3382; x_wconf 81' lang='lat'><strong>35.</strong></span> <span class='ocrx_word' id='word_1_364' title='bbox 2260 3321 2378 3378; x_wconf 82' lang='lat' dir='ltr'><strong>Mi-</strong></span> 
     </span>
     <span class='ocr_line' id='line_1_73' title="bbox 1344 3404 2378 3480; baseline 0.001 -18"><span class='ocrx_word' id='word_1_365' title='bbox 1344 3405 1530 3463; x_wconf 85' lang='lat' dir='ltr'><strong>litum</strong></span> <span class='ocrx_word' id='word_1_366' title='bbox 1575 3423 1772 3480; x_wconf 82' lang='lat' dir='ltr'><strong>opera</strong></span> <span class='ocrx_word' id='word_1_367' title='bbox 1806 3405 1900 3461; x_wconf 87' lang='lat' dir='ltr'><strong>uti</strong></span> <span class='ocrx_word' id='word_1_368' title='bbox 1925 3405 2222 3464; x_wconf 87' lang='lat' dir='ltr'><strong>solebant</strong></span> <span class='ocrx_word' id='word_1_369' title='bbox 2249 3404 2378 3463; x_wconf 86' lang='lat' dir='ltr'><strong>Ro-</strong></span> 
     </span>
     <span class='ocr_line' id='line_1_74' title="bbox 1344 3488 2377 3552; baseline 0.004 -6"><span class='ocrx_word' id='word_1_370' title='bbox 1344 3489 1517 3547; x_wconf 88' lang='lat' dir='ltr'><strong>mani</strong></span> <span class='ocrx_word' id='word_1_371' title='bbox 1582 3488 1664 3546; x_wconf 85' lang='lat' dir='ltr'><strong>ad</strong></span> <span class='ocrx_word' id='word_1_372' title='bbox 1709 3488 2218 3552; x_wconf 73' lang='lat' dir='ltr'><strong>substructiones</strong></span> <span class='ocrx_word' id='word_1_373' title='bbox 2270 3511 2377 3550; x_wconf 85' lang='lat' dir='ltr'><strong>ae-</strong></span> 
     </span>
     <span class='ocr_line' id='line_1_75' title="bbox 1345 3571 2462 3648; baseline 0 -16"><span class='ocrx_word' id='word_1_374' title='bbox 1345 3572 1710 3632; x_wconf 83' lang='lat' dir='ltr'><strong>dificiorum</strong></span> <span class='ocrx_word' id='word_1_375' title='bbox 1792 3581 1860 3630; x_wconf 90' lang='lat' dir='ltr'><strong>et</strong></span> <span class='ocrx_word' id='word_1_376' title='bbox 1926 3571 2322 3634; x_wconf 86' lang='lat' dir='ltr'><strong>theatrorum</strong></span> <span class='ocrx_word' id='word_1_377' title='bbox 2351 3617 2372 3648; x_wconf 89' lang='lat'><em>,</em></span> <span class='ocrx_word' id='word_1_378' title='bbox 2452 3587 2462 3597; x_wconf 80' lang='grc'><em>·</em></span> 
     </span>
     <span class='ocr_line' id='line_1_76' title="bbox 1348 3656 2379 3734; baseline -0.004 -17"><span class='ocrx_word' id='word_1_379' title='bbox 1348 3657 1510 3717; x_wconf 88' lang='lat' dir='ltr'><strong>Luc.</strong></span> <span class='ocrx_word' id='word_1_380' title='bbox 1544 3678 1600 3733; x_wconf 85' lang='lat'><strong>7:</strong></span> <span class='ocrx_word' id='word_1_381' title='bbox 1634 3659 1696 3716; x_wconf 88' lang='grc'><strong>5.</strong></span> <span class='ocrx_word' id='word_1_382' title='bbox 1766 3656 2236 3717; x_wconf 79' lang='lat' dir='ltr'><strong>concussiones</strong></span> <span class='ocrx_word' id='word_1_383' title='bbox 2275 3656 2379 3734; x_wconf 80' lang='lat' dir='ltr'><strong>ip-</strong></span> 
     </span>
     <span class='ocr_line' id='line_1_77' title="bbox 1346 3741 2376 3815; baseline -0.002 -15"><span class='ocrx_word' id='word_1_384' title='bbox 1346 3761 1566 3800; x_wconf 86' lang='lat' dir='ltr'><strong>sorum·</strong></span> <span class='ocrx_word' id='word_1_385' title='bbox 1604 3749 1916 3799; x_wconf 85' lang='lat' dir='ltr'><strong>notantur</strong></span> <span class='ocrx_word' id='word_1_386' title='bbox 1937 3773 1969 3815; x_wconf 45' lang='lat' dir='ltr'><strong>‚v</strong></span> <span class='ocrx_word' id='word_1_387' title='bbox 2000 3741 2160 3801; x_wconf 87' lang='lat' dir='ltr'><strong>Luc.</strong></span> <span class='ocrx_word' id='word_1_388' title='bbox 2185 3745 2243 3801; x_wconf 76' lang='lat'><strong>3:</strong></span> <span class='ocrx_word' id='word_1_389' title='bbox 2279 3753 2376 3810; x_wconf 89' lang='grc'><strong>14.</strong></span> 
     </span>
     <span class='ocr_line' id='line_1_78' title="bbox 1345 3824 2379 3884; baseline -0.002 -1"><span class='ocrx_word' id='word_1_390' title='bbox 1345 3825 1827 3884; x_wconf 81' lang='lat' dir='ltr'><strong>Hodiernorum</strong></span> <span class='ocrx_word' id='word_1_391' title='bbox 1881 3845 2125 3883; x_wconf 82' lang='lat' dir='ltr'><strong>summa</strong></span> <span class='ocrx_word' id='word_1_392' title='bbox 2168 3824 2379 3883; x_wconf 86' lang='lat' dir='ltr'><strong>inius-</strong></span> 
     </span>
     <span class='ocr_line' id='line_1_79' title="bbox 1344 3908 1747 3981; baseline -0.005 -14"><span class='ocrx_word' id='word_1_393' title='bbox 1344 3909 1490 3967; x_wconf 87' lang='lat' dir='ltr'><strong>titia</strong></span> <span class='ocrx_word' id='word_1_394' title='bbox 1518 3953 1534 3981; x_wconf 90' lang='lat'>,</span> <span class='ocrx_word' id='word_1_395' title='bbox 1583 3908 1747 3966; x_wconf 83' lang='lat' dir='ltr'><strong>ibid.</strong></span> 
     </span>
    </p>
   </div>
   <div class='ocr_carea' id='block_1_10' title="bbox 239 3991 2375 4069">
    <p class='ocr_par' dir='ltr' id='par_1_11' title="bbox 239 3991 2375 4069">
     <span class='ocr_line' id='line_1_80' title="bbox 239 3991 2375 4069; baseline -0.002 -14"><span class='ocrx_word' id='word_1_396' title='bbox 239 4017 451 4055; x_wconf 86' lang='lat' dir='ltr'><strong>secum</strong></span> <span class='ocrx_word' id='word_1_397' title='bbox 497 3993 742 4066; x_wconf 86' lang='lat' dir='ltr'><strong>trahit,</strong></span> <span class='ocrx_word' id='word_1_398' title='bbox 793 3993 985 4053; x_wconf 87' lang='lat' dir='ltr'><strong>Hebr.</strong></span> <span class='ocrx_word' id='word_1_399' title='bbox 1030 4016 1086 4055; x_wconf 84' lang='lat'><strong>2:</strong></span> <span class='ocrx_word' id='word_1_400' title='bbox 1135 4000 1228 4056; x_wconf 83' lang='lat'><strong>15.</strong></span> <span class='ocrx_word' id='word_1_401' title='bbox 1304 3991 2375 4069; x_wconf 80' lang='lat' dir='ltr'><strong>Militiaservitusquaedam‚Rom.</strong></span> 
     </span>
    </p>
   </div>
   <div class='ocr_carea' id='block_1_11' title="bbox 193 4077 2377 4413">
    <p class='ocr_par' dir='ltr' id='par_1_12' title="bbox 193 4077 2377 4413">
     <span class='ocr_line' id='line_1_81' title="bbox 193 4077 2377 4158; baseline -0.003 -15"><span class='ocrx_word' id='word_1_402' title='bbox 193 4081 481 4143; x_wconf 70' lang='lat' dir='ltr'><strong>Michael</strong></span> <span class='ocrx_word' id='word_1_403' title='bbox 546 4078 988 4158; x_wconf 80' lang='lat' dir='ltr'><strong>Archangelus</strong></span> <span class='ocrx_word' id='word_1_404' title='bbox 1043 4080 1269 4139; x_wconf 85' lang='lat' dir='ltr'><strong>desen·</strong></span> <span class='ocrx_word' id='word_1_405' title='bbox 1341 4079 1402 4138; x_wconf 82' lang='lat'><strong>6:</strong></span> <span class='ocrx_word' id='word_1_406' title='bbox 1435 4082 1535 4139; x_wconf 84' lang='grc'><strong>23.</strong></span> <span class='ocrx_word' id='word_1_407' title='bbox 1605 4077 1840 4135; x_wconf 72' lang='lat' dir='ltr'><strong>Militia</strong></span> <span class='ocrx_word' id='word_1_408' title='bbox 1869 4086 1973 4146; x_wconf 77' lang='lat' dir='ltr'><strong>est</strong></span> <span class='ocrx_word' id='word_1_409' title='bbox 1999 4079 2208 4136; x_wconf 85' lang='lat' dir='ltr'><strong>omnis</strong></span> <span class='ocrx_word' id='word_1_410' title='bbox 2235 4078 2377 4137; x_wconf 82' lang='lat' dir='ltr'><strong>vita</strong></span> 
     </span>
     <span class='ocr_line' id='line_1_82' title="bbox 237 4160 2376 4239; baseline -0.002 -15"><span class='ocrx_word' id='word_1_411' title='bbox 237 4187 345 4225; x_wconf 87' lang='lat' dir='ltr'><strong>sor</strong></span> <span class='ocrx_word' id='word_1_412' title='bbox 379 4166 758 4224; x_wconf 84' lang='lat' dir='ltr'><strong>ludaeorum</strong></span> <span class='ocrx_word' id='word_1_413' title='bbox 782 4208 800 4237; x_wconf 90' lang='lat'>,</span> <span class='ocrx_word' id='word_1_414' title='bbox 838 4172 904 4222; x_wconf 86' lang='lat' dir='ltr'><strong>et</strong></span> <span class='ocrx_word' id='word_1_415' title='bbox 940 4183 1114 4222; x_wconf 87' lang='lat' dir='ltr'><strong>nunc</strong></span> <span class='ocrx_word' id='word_1_416' title='bbox 1152 4165 1265 4223; x_wconf 88' lang='lat' dir='ltr'><strong>sub</strong></span> <span class='ocrx_word' id='word_1_417' title='bbox 1342 4162 1627 4221; x_wconf 86' lang='lat' dir='ltr'><strong>hominis</strong></span> <span class='ocrx_word' id='word_1_418' title='bbox 1650 4205 1668 4236; x_wconf 90' lang='lat'><em>,</em></span> <span class='ocrx_word' id='word_1_419' title='bbox 1705 4160 2015 4239; x_wconf 86' lang='lat' dir='ltr'><strong>imprimis</strong></span> <span class='ocrx_word' id='word_1_420' title='bbox 2054 4161 2376 4221; x_wconf 82' lang='lat' dir='ltr'><strong>Christia-</strong></span> 
     </span>
     <span class='ocr_line' id='line_1_83' title="bbox 238 4246 2375 4320; baseline -0.002 -12"><span class='ocrx_word' id='word_1_421' title='bbox 238 4250 501 4308; x_wconf 86' lang='lat' dir='ltr'><strong>Christo</strong></span> <span class='ocrx_word' id='word_1_422' title='bbox 535 4248 1092 4320; x_wconf 84' lang='lat' dir='ltr'><strong>Christianorum,</strong></span> <span class='ocrx_word' id='word_1_423' title='bbox 1131 4249 1266 4306; x_wconf 85' lang='lat' dir='ltr'><strong>lud.</strong></span> <span class='ocrx_word' id='word_1_424' title='bbox 1341 4250 1457 4320; x_wconf 87' lang='lat' dir='ltr'><strong>ni,</strong></span> <span class='ocrx_word' id='word_1_425' title='bbox 1526 4267 1546 4305; x_wconf 86' lang='lat'>1</span> <span class='ocrx_word' id='word_1_426' title='bbox 1620 4247 1787 4305; x_wconf 87' lang='lat' dir='ltr'><strong>Tim.</strong></span> <span class='ocrx_word' id='word_1_427' title='bbox 1844 4263 1895 4305; x_wconf 81' lang='lat'><strong>1:</strong></span> <span class='ocrx_word' id='word_1_428' title='bbox 1949 4247 2049 4305; x_wconf 82' lang='lat'><strong>18.</strong></span> <span class='ocrx_word' id='word_1_429' title='bbox 2138 4246 2375 4305; x_wconf 86' lang='lat' dir='ltr'><strong>Militia</strong></span> 
     </span>
     <span class='ocr_line' id='line_1_84' title="bbox 233 4330 2374 4413; baseline -0.002 -20"><span class='ocrx_word' id='word_1_430' title='bbox 233 4355 315 4412; x_wconf 87' lang='lat'><strong>9,</strong></span> <span class='ocrx_word' id='word_1_431' title='bbox 364 4337 561 4413; x_wconf 82' lang='lat' dir='ltr'><strong>Apoc.</strong></span> <span class='ocrx_word' id='word_1_432' title='bbox 614 4352 709 4393; x_wconf 79' lang='lat'><strong>12:</strong></span> <span class='ocrx_word' id='word_1_433' title='bbox 752 4353 812 4408; x_wconf 91' lang='lat'><strong>7.</strong></span> <span class='ocrx_word' id='word_1_434' title='bbox 880 4333 1264 4392; x_wconf 75' lang='lat' dir='ltr'><strong>severitatis</strong></span> <span class='ocrx_word' id='word_1_435' title='bbox 1342 4335 1692 4391; x_wconf 84' lang='lat' dir='ltr'><strong>castrensis</strong></span> <span class='ocrx_word' id='word_1_436' title='bbox 1722 4330 1840 4389; x_wconf 89' lang='lat' dir='ltr'><strong>sub</strong></span> <span class='ocrx_word' id='word_1_437' title='bbox 1870 4330 2374 4408; x_wconf 82' lang='lat' dir='ltr'><strong>Imperatoribus</strong></span> 
     </span>
    </p>
   </div>
   <div class='ocr_carea' id='block_1_12' title="bbox 226 4417 2430 4555">
    <p class='ocr_par' dir='ltr' id='par_1_13' title="bbox 226 4417 2430 4555">
     <span class='ocr_line' id='line_1_85' title="bbox 226 4417 2430 4555; baseline -0.003 -78"><span class='ocrx_word' id='word_1_438' title='bbox 226 4418 945 4496; x_wconf 57' lang='lat' dir='ltr'><strong>ministet‚seonndum</strong></span> <span class='ocrx_word' id='word_1_439' title='bbox 966 4417 1263 4493; x_wconf 79' lang='lat' dir='ltr'><strong>ludaeos,</strong></span> <span class='ocrx_word' id='word_1_440' title='bbox 1338 4417 1695 4497; x_wconf 73' lang='lat' dir='ltr'><strong>gent-ilibus</strong></span> <span class='ocrx_word' id='word_1_441' title='bbox 1777 4434 1860 4473; x_wconf 78' lang='lat' dir='ltr'><strong>an</strong></span> <span class='ocrx_word' id='word_1_442' title='bbox 1931 4419 1997 4474; x_wconf 82' lang='lat' dir='ltr'><strong>et</strong></span> <span class='ocrx_word' id='word_1_443' title='bbox 2061 4417 2430 4555; x_wconf 39' lang='lat' dir='ltr'><strong>quatenus*</strong></span> 
     </span>
     <span class='ocr_line' id='line_1_86' title="bbox 1250 4516 2376 4553; baseline -0.003 -29"><span class='ocrx_word' id='word_1_444' title='bbox 1250 4519 1255 4524; x_wconf 89' lang='lat'><strong>.</strong></span> <span class='ocrx_word' id='word_1_445' title='bbox 2303 4516 2376 4553; x_wconf 53' lang='lat' dir='ltr'><strong>a„</strong></span> 
     </span>
    </p>
   </div>
  </div>
 </body>
</html>
