2779 5085
635 246 1019 312 RERUM
1110 274 1217 314 ιι·
1300 252 1958 320 vulnonem.-

2299 286 2383 352 37

212 411 515 473 nitatem
551 401 972 507 personarum
998 433 1117 472 nec
1138 433 1275 472 res·
1350 411 1625 473 Incessit
1650 416 1996 496 calceatus,
2020 416 2225 483 um.
2241 422 2384 507 δερ.

224 498 407 578 picit
431 543 452 573 ,
500 517 621 555 nec
669 516 741 554 ιιι
784 497 1029 554 iudicio
1075 497 1274 576 respi-
1351 498 1428 557 In
1467 519 1706 559 coenae
1735 510 1802 560 et
1826 503 2131 583 baptismi
2161 528 2385 570 sacra-

232 583 413 658 ciet,
461 580 630 662 Eph.
662 581 724 638 6:
751 583 813 638 8.
879 581 1273 660 Dignitatem
1351 592 1569 641 mento
1596 604 1663 642 se
1694 590 2201 650 accommodavit
2228 614 2382 674 cap-

233 689 426 726 snam
494 667 767 746 primum
829 664 1276 729 Samaritanae

229 753 503 811 mulieri
548 749 873 846 cognitam
909 750 1110 837 fecit,
1136 750 1275 811 loli.

229 849 299 906 4:
374 837 479 897 26.
577 834 839 895 Divinis
902 836 1096 893 rebus
1159 856 1275 895 va·

231 941 397 980 cans
451 920 829 1000 parentibus
877 918 1095 978 debita
1141 922 1275 978 offi-

233 1006 348 1063 cia
433 1026 575 1064 non
649 1004 1023 1077 subtraxit,
1116 1004 1274 1063 Luc.

234 1109 300 1149 2:
409 1092 516 1151 5ι.
627 1089 782 1146 Dux
884 1098 1107 1146 noster
1201 1089 1271 1147 in

232 1173 651 1255 perferendis
707 1171 894 1230 malis
935 1173 1271 1249 omnibus,

235 1259 434 1318 nobis
484 1255 806 1336 praeivit,
859 1255 1019 1314 Luc.
1065 1261 1125 1317 3:
1179 1261 1273 1318 13.

243 1343 603 1404 Ecclesiam
640 1340 933 1420 genuisse
966 1350 1143 1399 recte
1174 1341 1271 1400 di-

250 1428 458 1500 citur,
508 1425 712 1485 Hebr.
758 1428 818 1486 3:
861 1438 926 1495 4.
1000 1424 1055 1485 E
1097 1426 1271 1485 vivis

208 1507 498 1591 'ereptus
539 1519 641 1570 est
678 1529 795 1589 per
831 1509 1270 1587 captivitatem

240 1605 309 1655 et
350 1596 705 1678 iudicium,
748 1593 982 1653 Matth.
1026 1595 1125 1654 26:
1168 1599 1271 1667 54.

244 1680 348 1742 Ex
367 1681 714 1739 amicorum
735 1679 1087 1759 collatione
1101 1700 1268 1739 mar-

242 1766 494 1843 supium
533 1763 800 1836 habuit,
842 1762 1043 1825 Marc.
1080 1763 1141 1825 6:
1169 1769 1270 1836 37.

242 1848 346 1911 Ex
377 1847 734 1927 Scripturis
769 1849 1095 1926 noscitur,
1130 1848 1271 1907 lob.

243 1938 310 1996 5:
358 1938 456 2012 39.
538 1932 887 2012 Explicare
929 1932 1143 1991 voluit
1184 1936 1267 1992 A-

247 2017 512 2100 postolis
546 2038 670 2095 quo
704 2017 1059 2096 respiceret
1092 2037 1264 2077 cere-

242 2105 456 2163 monia
478 2100 838 2179 Paschalis,
868 2100 1143 2161 Luc.22:
1177 2105 1268 2161 ι5.

246 2187 352 2247 Ex
426 2186 751 2246 veteribus
830 2185 1265 2245 Hebraeorum

247 2271 433 2331 dictis
467 2272 670 2330 multa
705 2271 1010 2350 sumpsit,
1036 2270 1269 2331 Matth.

244 2356 303 2416 6:
346 2375 450 2415 2ο.
535 2355 773 2416 Facere
830 2356 970 2433 ipse
1014 2350 1267 2413 ‘dicitur

239 2442 411 2520 quod
457 2440 725 2519 Angelis
770 2438 986 2499 facere
1046 2439 1265 2512 iubet,

238 2524 439 2589 Marc.
510 2529 605 2587 13:
669 2542 769 2603 27.
856 2522 1264 2585 Facinorosis

240 2609 654 2671 annumerari
726 2609 996 2684 debuit,
1064 2610 1267 2671 Marc.

246 2700 340 2757 15:
369 2699 473 2755 28.
519 2694 743 2756 Fidele
778 2695 1056 2753 studium
1083 2715 1264 2772 spec-

235 2790 351 2848 tat,
384 2801 521 2839 non
564 2780 705 2854 ipsa
749 2799 988 2857 opera,
1035 2777 1266 2840 Matth.

196 2868 338 2925 725:
387 2885 490 2926 22.
579 2862 817 2925 Fidelis
877 2863 1065 2922 malis
1129 2863 1263 2922 exi-

239 2960 402 3024 met,
446 2949 634 3007 Rom.
672 2948 731 3008 6:
785 2966 880 3006 ιο.
956 2946 1264 3009 Fidelita-

238 3034 322 3092 tis
363 3043 673 3114 paternae
707 3032 989 3113 genuina
1020 3034 1261 3112 image,

238 3120 437 3197 Apoc.
463 3138 560 3178 22:
596 3120 691 3178 ιδ.
757 3114 1007 3197 Flagris
1046 3138 1263 3176 caesus

236 3211 333 3263 est
360 3195 792 3281 ‘quaestionis
837 3202 910 3260 in
957 3221 1100 3262 eum
1148 3200 1259 3260 ha-

238 3288 486 3347 bendae
511 3286 756 3367 gratia,
783 3285 1016 3346 naith.
1039 3306 1139 3362 27:
1169 3305 1260 3365 19.

245 3372 475 3431 Gerere
535 3370 759 3430 debuit
805 3372 1138 3430 contraria
1182 3371 1263 3428 iis

240 3476 396 3533 quae
446 3457 523 3516 ab
568 3456 817 3516 Adamo
857 3464 1035 3534 gesta
1075 3463 1262 3530 sunt,

244 3539 425 3600 Rom.
467 3545 528 3601 5:
586 3559 682 3600 12.
766 3538 1073 3599 Homines
1130 3560 1262 3598 non

242 3646 469 3705 paucos
490 3670 511 3700 ,
552 3625 673 3683 sed
714 3644 937 3683 omnes
984 3625 1260 3698 dilexit,

247 3729 270 3769 1
300 3708 442 3768 Ioh.
468 3712 615 3771 2:·8.
669 3707 956 3768 Honesta
992 3717 1056 3768 et
1095 3709 1264 3767 iusta

237 3793 390 3853 fecit
418 3803 484 3853 et
511 3794 763 3867 docuit,
800 3814 1074 3873 arguens
1107 3814 1266 3852 con-

237 3878 475 3953 traria,
528 3877 725 3937 Hebr.
778 3880 832 3937 ιε’
882 3881 941 3937 8.
1027 3877 1263 3937 Iacobo

240 3963 534 4043 apparuit
595 3961 808 4020 statim
858 3971 1002 4039 post
1047 3983 1263 4021 resur-

236 4049 631 4121 rectionem,
709 4064 734 4104 1
813 4046 965 4106 Cor.
1039 4049 1147 4108 152.
1204 4065 1264 4124 7.

237 4122 607 4191 Idololatria
669 4130 748 4189 de
791 4130 1149 4209 improviso
1194 4151 1262 4190 se

237 4225 770 4295 superventurum
814 4215 1018 4289 dicit„
1063 4216 1263 4295 Apoc.

244 4301 335 4360 16:
370 4304 466 4360 15.
520 4301 597 4360 In
632 4298 1086 4378 Apostolorum
1116 4320 1263 4378 per-

239 4406 392 4444 sona
414 4386 604 4444 etiam
625 4404 1024 4443 successores
1045 4405 1261 4444 eorum

1294 4099 1297 4104 .
1338 4042 1575 4106 Matth.
1607 4045 1700 4103 ·5:
1745 4048 1864 4106 -32,

1348 667 1448 725 tui
1485 666 1922 730 Hebraeorum
1955 684 2020 733 et
2044 676 2378 755 Gentium,

1349 750 1587 811 nauh.
1643 753 1748 813 26:
1795 775 1901 831 27.
1986 759 2064 821 In
2124 764 2379 824 coelum

1350 836 1747 895 adscendens
1776 840 1955 899 visus
1979 843 2104 902 snit
2127 864 2164 902 a
2187 849 2381 925 quin-

1348 921 1553 999 gentis
1578 921 1910 1000 discipulis
1922 927 2134 1002 simul,
2148 930 2384 993 unuh.

1348 1007 1448 1064 28:
1491 1023 1589 1084 17.
1650 1006 2119 1088 inconspicuus
2158 1016 2383 1074 inimi-

1347 1088 1438 1147 cis
1505 1088 1717 1148 factus
1788 1093 2033 1154 Divina
2085 1097 2378 1176 virtute,

1349 1172 1506 1232 Luc.
1537 1187 1599 1243 4:
1638 1178 1742 1235 30.
1796 1177 2144 1257 Imperium
2179 1180 2382 1244 habet

1342 1257 1415 1315 in
1461 1258 1741 1336 Angelos
1786 1270 1852 1319 et
1894 1263 2375 1346 Archangelos,

1353 1359 1379 1399 1
1443 1340 1675 1402 Thess.
1732 1357 1793 1413 4:
1862 1347 1961 1406 16.
2043 1349 2121 1408 ln
2183 1371 2377 1415 cruce

1345 1428 1632 1505 gustavit
1656 1429 1875 1487 vinum
1896 1431 2052 1492 selle
2072 1434 2375 1514 mixtum,

1345 1509 1579 1571 Matth.
1624 1530 1722 1586 27:
1772 1518 1877 1584 34.
1962 1517 2041 1576 In
2094 1520 2376 1581 Daemo-

1344 1596 1539 1653 niaco
1584 1599 1873 1656 ostendit
1916 1622 1984 1659 se
2023 1603 2215 1662 etiam
2260 1606 2377 1664 ab·

1343 1689 1589 1738 sentem
1640 1683 1968 1761 praesidio
2013 1706 2152 1746 esse
2196 1690 2374 1765 suis,

1343 1764 1632 1825 Marc.5:
1666 1770 1765 1827 15.
1830 1768 1906 1827 In
1949 1790 2135 1829 sacra
2171 1792 2375 1834 coena

1341 1849 1514 1908 bibit
1565 1851 1787 1909 vinum
1847 1874 2011 1932 aqua
2053 1864 2376 1936 tempera-

1342 1942 1478 1991 tum
1501 1976 1520 2005 ,
1555 1934 1787 1994 Matth.
1822 1938 1922 1997 26:
1964 1957 2067 2015 27.
2101 1940 2205 2000 -Ῑιι
2250 1943 2376 2001 mi-

1342 2016 1567 2075 racula
1609 2039 1646 2076 a
1685 2039 1753 2077 se
1777 2020 2032 2081 edenda
2053 2024 2152 2083 ius
2178 2028 2373 2085 matri

1340 2121 1480 2160 esse
1527 2112 1762 2181 negat,
1812 2104 1971 2164 Luc.
2013 2126 2075 2166 22
2117 2122 2224 2186 49.
2293 2110 2375 2170 ln

1341 2184 1526 2244 nobis
1588 2185 1841 2246 habitat
1888 2210 2006 2268 per
2047 2191 2284 2269 fidem,
2331 2212 2367 2253 1

1340 2269 1566 2331 loh.5:
1603 2289 1701 2332 12.
1741 2271 2016 2333 iohanni
2042 2274 2373 2356 Baptistae
2433 2320 2444 2325 -

1343 2356 1617 2433 primum
1667 2352 1921 2436 ag'nitus
1968 2380 2108 2418 eum
2159 2362 2377 2442 bapti-

1339 2450 1638 2515 zaretur,
1683 2442 1824 2499 lob.
1870 2460 1924 2504 ιε
1973 2447 2077 2505 31.
2141 2447 2218 2506 ln
2261 2467 2377 2526 pa-

1340 2545 1607 2583 rasceue
1657 2527 1852 2585 tertia
1898 2526 2063 2588 hora
2107 2540 2376 2590 senten-

1340 2612 1495 2668 tiam
1522 2611 1776 2690 accepit
1802 2632 1835 2669 a
1861 2611 2108 2688 Pilato,
2139 2614 2374 2677 Matth.

1340 2714 1441 2773 27:
1488 2698 1595 2764 45.
1680 2696 1758 2754 lu
1820 2717 1891 2755 se
1946 2696 2177 2759 habuit
2234 2701 2372 2762 vim

1339 2780 1791 2840 subsistentem
1840 2781 1925 2840 ad
1966 2784 2229 2862 quosvis
2272 2786 2377 2846 ef-

1335 2863 1545 2922 fectus
1625 2866 2049 2926 miraculosus
2076 2913 2099 2943 ,
2165 2870 2373 2946 Marc.

1339 2951 1401 3007 5·
1431 2952 1549 3021 ὅθ’,
1596 2948 1752 3007 Luc.
1784 2967 1876 3010 ao:
1912 2970 2014 3027 ι7.
2070 2952 2147 3011 In
2189 2963 2372 3016 terra
2426 2960 2440 2969 '

1340 3032 1577 3113 degens
1609 3032 1854 3091 nemini
1881 3034 2070 3112 Legis
2097 3039 2372 3115 gratiam

1336 3116 1500 3175 fecit
1520 3159 1543 3189 ,
1581 3115 1739 3175 Luc.
1764 3118 1823 3175 6:
1852 3121 1917 3176 5.
1975 3119 2121 3195 Ipsa
2150 3140 2371 3181 rerum

1339 3200 1823 3285 comparatione
1854 3200 2148 3262 homines
2172 3204 2243 3262 in
2267 3204 2372 3264 sui

1340 3284 1829 3343 admirationem
1859 3287 2139 3363 excitat,
2167 3289 2374 3357 Marc.
2401 3347 2407 3356 ,

1345 3370 1442 3429 ιοὲ
1496 3387 1552 3426 ι.
1619 3369 1872 3429 ludaeis
1917 3393 1987 3431 se
2032 3383 2371 3451 accenset,

1339 3454 1481 3514 Ioh.
1504 3467 1563 3524 4:
1596 3473 1697 3513 22.
1757 3454 2033 3516 Iudaeos
2058 3458 2373 3518 Gentibus

1339 3548 1557 3618 aperte
1601 3541 2012 3619 praeposuit,
2062 3543 2268 3602 Marc.
2306 3562 2370 3621 7:

1338 3637 1456 3696 24,
1521 3621 1662 3681 Act.
1710 3628 1769 3684 3:
1820 3625 1923 3683 26.
2009 3626 2223 3684 Iustus
2288 3627 2376 3687 ad

1336 3708 1803 3787 poenitentiam
1824 3729 1957 3767 non
1972 3710 2244 3768 vocavit
2257 3711 2376 3771 sed

1338 3800 1708 3872 peccatores
1730 3836 1750 3864 ,
1774 3792 1978 3851 Marc.
2003 3810 2061 3852 2:
2095 3813 2192 3871 ι7.
2248 3794 2375 3855 Le-

1333 3895 1478 3956 ·gem
1513 3876 1713 3935 Mosis
1748 3895 1881 3933 non
1915 3876 2219 3958 infregit,
2259 3880 2376 3940 sed

1338 3961 1614 4020 meliora
1701 3970 2045 4041 praecepta
2085 3983 2094 4004 ·‹
2139 3962 2371 4040 dedit,

1948 4047 2185 4128 Magna
2227 4049 2375 4129 ‘pro

1335 4129 1524 4189 nobis
1568 4149 1789 4207 passus
1831 4131 2032 4205 mala,
2076 4135 2374 4211 quaesui

1332 4215 1595 4287 ferunt,
1635 4222 1709 4271 nt
1750 4214 1873 4273 sibi
1912 4216 2104 4275 illata
2138 4220 2372 4294 sentit,

1339 4300 1485 4359 Col.
1517 4312 1703 4384 1324.
1756 4298 1974 4361 Medio
2015 4302 2161 4359 loco
2196 4302 2377 4364 inter

1335 4386 1544 4444 Deum
1564 4391 1630 4441 et
1645 4384 1929 4463 Angelos
1948 4386 2153 4459 sedet,
2173 4388 2224 4445 A
2236 4408 2375 4466 poc.

242 4469 696 4551 compellavit,
742 4467 975 4531 matth.
1017 4471 1116 4530 28:
1162 4488 1297 4534 2ο.7
1335 4488 1438 4531 ao:
1463 4481 1526 4541 4.
1570 4468 1813 4529 Metere
1857 4490 1993 4530 non
2037 4470 2220 4544 vult,
2257 4469 2372 4528 ubi

1575 4553 1693 4617 (33

2238 4574 2276 4611 ιι
2284 4567 2371 4611 uu
