2779 5085
351 228 533 285 200'

1093 207 1707 313 -tlunnx

390 371 888 441 Purifieationes
932 370 1293 432 nonnullae
1340 344 1431 431 ex⁴
1495 372 1555 430 33
1606 374 1702 431 13.
1744 368 2099 452 Praecepta
2144 389 2257 429 sua
2296 391 2332 431 a
2367 370 2532 445 Bar-

391 461 563 542 Lege
627 458 826 520 Musis
870 477 987 538 per
1045 474 1270 537 aquam
1317 476 1418 515 so·
1494 453 1668 513 baris
1722 452 2141 536 'Philosophia
2203 459 2525 536 accepisse

385 546 516 605 lam
585 542 876 616 fiebant,
946 539 1155 600 Hebr.
1214 559 1272 619 9:
1321 559 1419 601 22.

388 626 872 691 Purificationis
930 624 1206 685 solemni
1269 624 1416 699 die,

389 711 703 775 Sacer‘dos
789 710 1108 772 Maximus
1185 709 1418 768 eximie

427 816 726 858 ersonam
791 796 992 877 gessit
1057 792 1352 871 Christi,

319 882 329 929 f
451 883 890 944 ebr.13:.11.

342 966 598 1032 Puritas
675 963 891 1024 carnis
955 971 1023 1023 et
1085 959 1366 1041 Spiritus
1394 1006 1414 1037 ,

1491 538 1741 617 fertur,
1785 539 2100 619 Matth.7:
2126 540 2189 599 6.
2251 541 2525 602 Iudaeos

1493 623 1729 684 adiisse
1779 624 2062 701 dicitur,
2114 624 2273 685 ibid.
2314 628 2373 686 8:
2423 645 2525 687 22.

1492 705 1649 768 Eius
1714 706 2017 768 instituta
2086 710 2308 769 eadem
2385 726 2526 770 esse

1490 812 1650 871 quae
1698 791 2088 854 Essenorum
2115 836 2137 871 ,
2182 792 2415 854 Matth.
2464 815 2520 858 13

1379 914 1386 923 ι
1478 884 1612 953 '2o,
1676 879 1817 939 Act.
1865 897 1922 940 23
1967 891 2072 949 44.
2159 876 2319 939 Eius
2380 878 2526 953 die-3

1491 970 1621 1019 tum
1649 963 1729 1022 de
1760 962 2073 1042 operandi
2102 963 2524 1042 necessitate,

385 1051 604 1112 cordis
650 1058 716 1109 et
758 1046 1050 1130 corporis
1095 1066 1409 1106 commen·
1491 1062 1529 1104 2
1578 1045 1808 1106 Thess.
1849 1049 1907 1108 3:
1964 1065 2062 1106 10.

384 1137 620 1210 datur,
671 1131 866 1193 Hebr.
915 1149 1012 1192 103
1064 1135 1164 1192 23.
1225 1129 1409 1190 Puri·
1449 1128 1883 1212 Pythagoraei
1969 1132 2261 1213 plerique
2333 1140 2525 1192 erant

382 1230 484 1278 tas
511 1218 728 1280 cordis
752 1216 965 1291 unde,
1019 1234 1043 1274 ι
1078 1215 1251 1277 Τίιιι.
1285 1216 1413 1275 135.
1490 1215 1703 1296 Magi,
1765 1213 1934 1297 Eph.
1974 1228 2036 1286 4:
2093 1231 2206 1291 14,
2270 1236 2296 1278 ι
2350 1219 2524 1278 Tim.

383 1303 669 1366 Puritate
726 1301 1021 1383 proxime
1079 1298 1163 1360 ad
1208 1300 1412 1359 Deum
1486 1314 1547 1372 43
1602 1321 1675 1375 ι,
1739 1301 1942 1381 Apoc.
1990 1303 2085 1367 13:
2143 1319 2238 1360 11.
2325 1303 2525 1362 Prae-

383 1386 783 1463 accedimus,
837 1402 862 1444 1
906 1382 1050 1445 Ioh.
1093 1402 1144 1447 ι3
1181 1370 1286 1443 5.'

1491 1392 1676 1464 cepta
1722 1406 1836 1444 sua
1884 1385 2128 1465 scripto
2168 1406 2305 1446 non
2342 1407 2531 1446 man·-

338 1471 633 1553 Purp‘ura
703 1469 778 1529 in
866 1469 1094 1529 aulaeo
1162 1465 1413 1548 Templi
1491 1468 1781 1545 dabant,
1853 1467 2038 1529 Rom.
2090 1488 2145 1535 2:
2199 1473 2301 1531 28.
2383 1470 2524 1552 Ipsi

382 1556 736 1618 denotabat
780 1554 994 1627 Mare,
1040 1551 1275 1614 Matth.
1310 1569 1411 1628 27:

377 1645 486 1703 51.
528 1641 828 1718 Purpura.
857 1637 1216 1698 >utebantur
1257 1636 1413 1696 olim

374 1724 678 1787 lautioris
724 1723 1050 1789 fortunae·
1070 1719 1366 1781 homines
1394 1765 1413 1797 ,

380 1809 588 1872 serius
630 1808 754 1868 soli
794 1807 999 1889 Reges
1042 1816 1108 1868 et
1130 1805 1415 1887 Impera-

375 1903 595 1969 tores,
643 1892 805 1954 Luc.
837 1893 933 1955 16:
970 1911 1066 1973 19.
1124 1890 1417 1972 Purpura

376 1979 557 2062 pacis
584 1986 910 2057 gestamen
942 1975 1376 2037 Romanorum
1394 2019 1414 2049 ,

377 2065 451 2123 in
498 2072 649 2143 toga
689 2063 1154 2143 Imperatorum
1180 2105 1202 2140 ,
1248 2069 1315 2120 et
1341 2060 1414 2118 in

376 2149 514 2209 lato
540 2149 731 2209 clavo
757 2148 1143 2209 Senatorum
1164 2189 1186 2223 ,
1211 2146 1416 2226 Apoc.

387 2251 411 2290 1
467 2257 483 2293 Ξ
533 2246 597 2304 40

336 2254 686 2399 ΡιιζῬιιι-ιῑί
738 2314 1147 2377 vocabantur
1219 2309 1413 2374 amiei

382 2399 567 2500 Ressfi
594 2446 614 2477 ,
662 2399 826 2462 Luc.
873 2399 970 2462 163
1022 2412 1127 2469 24.

338 2488 529 2552 Puris
561 2484 784 2548 omnia
816 2505 1014 2566 pura,
1050 2479 1285 2548 Matth.
1309 2484 1411 2544 23:

378 2573 482 2633 26.
535 2572 771 2631 Purum
817 2570 898 2628 ab
938 2570 1195 2650 impuro
1230 2565 1414 2646 tangi

376 2654 604 2729 nefas,
652 2652 797 2715 1011.
832 2672 891 2731 73
952 2672 1050 2730 17.

1488 1562 1555 1614 et
1602 1550 1960 1614 Christiani
2000 1563 2257 1615 veteres
2301 1575 2416 1615 cur
2451 1576 2528 1615 a-

1488 1638 1751 1699 nimatis
1816 1638 2263 1716 abstinerent,
2337 1639 2527 1700 Rom.

1496 1737 1592 1794 143
1656 1741 1719 1784 2.
1813 1721 2198 1784 Hominibus
2259 1726 2519 1804 penitus

1488 1806 1672 1868 vitiis
1728 1807 2052 1868 immersis
2101 1808 2530 1890 coenotaphi-

1486 1911 1592 1952 um
1661 1892 2047 1971 struebant,
2117 1891 2285 1974 Eph.
2355 1912 2527 1955 231.

1490 1974 1654 2038 Ε11111
1700 1977 1812 2057 qui
1871 1998 2007 2037 non
2052 1979 2359 2038 servabat
2419 1979 2530 2038 in-

1488 2062 1749 2138 stituta,
1777 2070 1965 2129 coetu
1995 2064 2333 2140 arcebant,
2366 2063 2532 2124 Luo.

1487 2145 1550 2207 63
1598 2164 1701 2207 22.
1760 2145 1817 2207 Α
1864 2146 2248 2207 iuramentis
2289 2148 2525 2208 sibiin

1485 2229 1761 2298 incertis
1828 2230 2105 2312 negotiis
2154 2234 2523 2322 cavebant,

1487 2313 1618 2375 Iac.
1658 2315 1721 2378 53
1776 2333 1873 2374 12.
1937 2316 2230 2375 Invicem
2276 2316 2528 2376 infensi

1488 2407 1640 2458 ante
1696 2398 1852 2458 solis
1909 2418 2200 2459 occasum
2243 2401 2523 2480 gratiam
2630 2441 2636 2445 <

1485 2481 2022 2564 redintegrabant
2044 2527 2066 2559 ,
2114 2480 2279 2565 Eph.
2312 2497 2373 2555 43
2414 2484 2522 2546 26.

1490 2565 1738 2627 Horum
1803 2566 1889 2627 de
1948 2568 2089 2628 Deo
2150 2569 2525 2648 sententia,

1487 2650 1674 2711 Rom.
1762 2671 1815 2713 ι3
1907 2671 2022 2732 193
2131 2653 2527 2715 abstinentia

334 2739 622 2803 Puteolis
666 2744 856 2797 vetus
901 2755 1137 2796 nomen
1183 2733 1419 2795 Dicar·-
1484 2736 1731 2816 qualis,
1800 2736 1944 2798 col.
1985 2756 2043 2798 23
2102 2737 2199 2797 16.
2284 2737 2525 2799 Eorum

378 2823 625 2896 chaea,
689 2823 839 2884 Act.
900 2823 1001 2881 283
1060 2834 1157 2894 14.
1241 2821 1414 2880 Ante
1487 2820 1794 2902 discipuli
1826 2820 2383 2902 distinguebantur
2407 2844 2555 2905 per⁴

377 2897 965 2969 adventum‘l’auii
1013 2904 1280 2966 fuerunt
1319 2904 1413 2963 ibi
1487 2906 1763 2985 gradus,
1813 2904 2046 2968 Matth.
2091 2909 2191 2969 283
2239 2926 2340 2969 2ο.

351 2991 786 3068 Christiani,
842 2988 1012 3050 ibid.
1110 2989 1413 3074 Puteolos
1446 2989 1950 3071 Pythagoricum
1993 2989 2280 3068 bivium,
2335 2991 2522 3053 Rom.

376 3075 702 3156 appellere
749 3074 1051 3135 solebant
1081 3094 1286 3136 naves
1323 3074 1408 3134 A·
1485 3076 1545 3137 63
1603 3076 1700 3134 16.

375 3160 807 3221 lexandrinae
833 3204 852 3238 ,
901 3158 1066 3220 ibid.

1311 3214 1319 3228 ,
1444 3158 1657 3237 Pytha
1698 3159 1856 3220 urbs
1902 3151 2304 3248 Delphorum
2348 3159 2518 3219 unde

335 3247 578 3327 Pyctae
622 3265 735 3306 seu
770 3243 1027 3328 Pugiles
1071 3252 1411 3324 antequam
1486 3243 1816 3324 Pythones
1883 3265 2121 3308 nomen
2206 3253 2469 3304 traxere
2495 3288 2517 3320 ,

379 3337 754 3405 certarent,
840 3348 1065 3406 manus
1127 3335 1193 3388 et
1259 3327 1413 3392 bra·
1485 3332 1632 3390 Act.
1678 3329 1773 3389 163
1817 3328 1910 3393 16.
1974 3328 2323 3410 Pythoni‘ei
2355 3337 2520 3408 quo-

378 3413 529 3474 chia
547 3413 618 3472 in
641 3419 789 3472 aera
807 3412 1178 3488 iactabant,
1214 3412 1415 3472 icor.
1485 3413 1675 3474 modo
1721 3413 1919 3478 afflati
1943 3456 1964 3490 ,
2018 3433 2045 3475 1
2079 3413 2234 3480 Cor.
2281 3426 2379 3500 143
2417 3416 2522 3477 30.

376 3520 437 3580 93
487 3497 588 3558 26.
674 3494 916 3558 Eorum
968 3516 1105 3557 mos
1157 3495 1229 3558 in
1270 3517 1411 3557 cer-

374 3581 619 3658 tando,
664 3579 829 3642 ibid.
1375 3601 1378 3606 ·

333 3664 627 3747 Pyrrhus
696 3667 932 3726 nomeu
983 3663 1286 3745 frequens
1339 3664 1412 3725 in

1947 3578 2030 3654 Q.

376 3748 722 3813 Thessalia
783 3758 851 3811 et
911 3749 1151 3832 vieinib
1197 3749 1410 3831 regio·
1440 3747 1935 3832 Quadrage'simi
1991 3748 2251 3811 numeri
2293 3769 2517 3811 sensus

373 3837 568 3897 nibus
591 3869 616 3913 ,-
681 3836 838 3917 Act.
873 3849 974 3901 203
1019 3848 1083 3906 4.
1170 3832 1411 3917 Pyrrhi
1484 3836 1800 3913 mysticus
1837 3835 1911 3895 in
1955 3834 2255 3895 historiis
2282 3835 2516 3909 saeris,

376 3919 567 4003 Regis
626 3917 893 3983 ambitio
949 3939 987 3978 a
1035 3918 1409 4002 Cynea're-
1485 3917 1718 3980 matth.
1759 3932 1859 3992 24:
1904 3939 2010 3981 22.
2073 3918 2522 3998 Quadraginta

377 4004 699 4086 prehensa
723 4048 745 4083 ,
794 4003 956 4067 Luc.
1009 4021 1104 4065 123
1148 4023 1246 4084 19.

333 4090 736 4171 Pythagoras
751 4088 927 4149 cuias
944 4086 1166 4164 fuerit,
1182 4087 1411 4150 Matth.

1486 4023 1804 4065 annorum
1897 4003 2168 4086 spatium
2263 4000 2521 4063 Iudaeis

1484 4089 1899 4168 praefinitum
1970 4089 2053 4150 ad
2122 4086 2525 4168 poenitenti-

377 4196 435 4252 7:
484 4174 552 4237 6:
601 4173 857 4235 Primus
881 4170 1263 4253 Philosophi
1293 4192 1405 4232 no·
1488 4192 1624 4251 am,
1649 4174 1723 4233 in
1751 4174 2003 4236 deserto
2027 4182 2091 4232 et
2120 4179 2266 4252 post
2293 4168 2527 4230 Chris-

372 4279 518 4323 men
605 4258 881 4336 sumsit,
952 4256 1134 4317 Rom.
1205 4275 1257 4317 13
1309 4275 1411 4317 22.
1488 4268 1618 4318 tum
1669 4269 2001 4333 evectum,
2050 4255 2249 4317 Hebr.
2291 4258 2350 4318 3:
2397 4275 2462 4337 9·.

373 4344 617 4410 Multos

758 4341 900 4403 hesi
940 4340 1223 4424 *habebat
1275 4360 1377 4400 sec
1452 4343 1792 4415 Quadrans
1829 4343 2161 4403 minimum
2188 4341 2254 4400 in
2298 4360 2528 4402 nume·

380 4439 623 4493 ratores
643 4342 862 4510 ,Eli'pm
884 4427 1093 4512 praes.
1112 4469 1132 4503 ,
1176 4445 1216 4488 2
1241 4425 1410 4488 Tim.
1492 4449 1726 4494 rorum*
1748 4448 1981 4511 genere
2002 4472 2022 4506 ,
2073 4421 2308 4489 matth.
2331 4429 2393 4487 5:
2426 4426 2528 4486 26.

2248 4591 2255 4594 μ
2350 4510 2527 4583 Qua-
