2779 5085
112 2055 116 2059 ’
177 2082 184 2083 ’
275 2075 546 2116 uxorem
568 2053 802 2111 ducere
821 2051 1022 2112 suerit
1036 2052 1311 2129 licitum,

549 166 566 169 ”
642 204 1026 267 RERUM
1116 225 1231 265 m·
1303 201 1972 267 vssasonun.
2285 214 2404 291 189

269 365 701 447 Temporibus
729 362 1072 424 Christi-et
1098 365 1296 445 Apos-

268 455 554 515 tolorum
588 449 714 508 fuit
750 450 945 509 etiam
974 447 1299 529 Princeps

275 540 591 610 Senatus,
632 532 796 593 ibid.
830 538 934 612 57.
994 534 1072 593 In
1116 534 1298 593 anni-

1376 361 1693 423 ditionem
1727 363 1922 446 proni
1954 363 2325 427 clamores
2302 386 2412 426 ιιι-

1377 448 1632 507 conditi
1664 457 2015 524 notantur,
2042 450 2274 511 Matth.
2300 468 2403 529 27:

1377 536 1481 593 23.
1524 534 1770 612 Populo
1794 534 1993 593 tribui
2019 536 2215 609 solet,
2236 536 2409 614 quod

268 621 569 683 versario
617 619 722 677 die
770 618 1163 698 expiationis
1206 620 1298 678 vi·
1379 617 1697 696 aliquibus
1740 618 1822 677 de
1865 620 2105 698 populo
2152 639 2413 698 compe-

271 708 478 766 tulum
539 725 655 782 pro
719 723 788 761 se
835 722 909 761 ac
957 703 1147 762 domo
1194 723 1305 768 sua
1377 702 1503 776 tit,
1572 700 1712 762 1011.
1779 704 1839 761 8:
1910 707 2012 781 37.
2101 705 2413 782 Populum

273 788 621 863 offerebat,
633 785 848 845 ·.Hebr
871 790 931 846 5.
963 791 1023 849 3.
1077 789 1307 848 Preces
1383 785 1827 845 Christianum
1876 795 1941 845 et
1985 788 2414 847 Israeliticum

273 885 341 936 et
409 871 765 954 gratiarum
837 870 1124 932 actiones
1192 894 1308 961 pro
1380 870 1698 948 quomodo
1743 873 1916 929 Deus
1965 872 2092 931 sibi
2126 872 2411 950 fecerit,

239 951 641 1020 ‘hominibus
683 962 749 1014 et
783 955 1120 1014 elementis
1164 977 1309 1036 age-
1382 954 1551 1033 Eph.
1596 974 1654 1015 2·
1709 972 1805 1012 10.

273 1044 429 1117 bat,
482 1061 507 1100 1
550 1039 718 1099 Tim.
756 1057 813 1099 2·
859 1059 913 1098 ι.
975 1039 1307 1099 Pontificis
1340 1039 1531 1097 Porci
1594 1037 1900 1098 dicuntur
1951 1036 2247 1099 homines
2293 1041 2419 1100 im-

274 1124 541 1187 maximi
568 1123 850 1204 dignitas
874 1144 997 1202 quo
1022 1132 1306 1203 tempore
1382 1142 1577 1201 purae
1621 1122 1838 1199 vitae,
1886 1123 2119 1182 Matth.
2163 1146 2221 1202 7:
2267 1125 2330 1184 6.

276 1212 558 1270 maxime
599 1208 802 1268 fuerit
843 1208 1306 1280 ambulatoria,
1341 1205 1571 1266 Porcia
1620 1205 1755 1264 Lex
1800 1207 2021 1287 virgas
2065 1229 2102 1266 a
2142 1230 2415 1288 corpore

279 1292 637 1358 Matth.26:
666 1296 727 1353 3.
791 1290 945 1351 Eius
983 1292 1306 1373 deligendi
1383 1289 1629 1349 civium
1701 1291 2137 1351 Romanorum
2202 1314 2420 1353 remo-

273 1381 379 1440 ius
425 1397 617 1465 penes
667 1397 823 1456 quos
863 1376 1101 1450 fuerit,
1148 1378 1306 1436 ibid.
1381 1376 1618 1449 vebat,
1668 1375 1815 1434 Act.
1860 1396 1960 1436 22:
2009 1389 2110 1446 24.

275 1460 466 1526 Illius
544 1481 677 1520 non
748 1470 889 1519 erat
953 1481 1309 1526 convocare
1343 1458 1741 1539 Porphyrius
1806 1459 2237 1539 Philosophus
2287 1462 2418 1523 alio

277 1545 665 1643 Synedrium
691 1544 820 1604 nisi
849 1564 990 1603 cum
1014 1545 1177 1604 alius
1198 1567 1298 1626 po·
1384 1543 1645 1617 nomine
1673 1543 2290 1623 Malchus,10h.18:
2323 1567 2420 1607 ιο.

275 1633 414 1715 puli
456 1629 764 1708 Princeps
801 1649 937 1688 non
967 1631 1309 1704 existeret,
1387 1627 1718 1689 Christum
1750 1591 2180 1688 calumniatus
2215 1642 2314 1691 est
2338 1632 2419 1693 de

277 1717 441 1779 ibid.
500 1718 604 1792 57.
694 1713 848 1773 Eius
916 1722 1058 1772 erat
1124 1735 1312 1774 orare
1386 1712 1772 1788 mendacio,
1819 1713 1963 1774 Ioh.
2006 1734 2065 1792 7:
2114 1717 2175 1774 8.

275 1824 394 1883 pro
430 1809 568 1859 toto
604 1797 871 1878 populo,
902 1797 1058 1857 Luc.
1083 1803 1184 1860 23:
1214 1803 1314 1869 34.
1346 1798 1558 1857 Portis
1592 1756 1842 1857 urbium
1874 1797 2180 1858 Veterum
2221 1801 2422 1861 adde-

278 1883 579 1949 Po'ntifici
617 1882 899 1941 maximo
925 1883 1310 1943 Iudaeorum
1383 1883 1578 1941 batur
1605 1883 1786 1941 lacus
1813 1892 2080 1964 propter
2102 1884 2441 1964 pecudes,

280 1993 365 2031 an
427 1977 615 2029 extra
668 1987 862 2047 genus
911 1968 1309 2027 Aaronicum
1387 1964 1530 2027 1011.
1571 1969 1658 2026 5;
1684 1985 1742 2041 2.

1345 2051 1642 2111 Porticus
1703 2050 2019 2110 subdialis
2086 2052 2423 2113 Israelita-

205 2184 210 2187 .
284 2142 439 2201 Luc.
494 2158 545 2198 1:
571 2140 658 2198 5.
1384 2133 1531 2194 rum’
1596 2134 1695 2194 sui
1761 2137 1909 2195 usui
1968 2137 2420 2217 inserviebat,

234 2223 585 2288 Pontifices
609 2220 1314 2287 subindemutabantur
1389 2221 1547 2279 Luc.
1590 2239 1650 2282 2.
1697 2219 1803 2289 46.

237 2294 450 2389 ‘apud
494 2306 805 2384 Iudaeos,
846 2324 1030 2385 quem
1071 2327 1309 2364 morem
1348 2304 1611 2364 Posides
1673 2312 1755 2363 eit
1819 2298 2187 2366 Posidonio
2234 2306 2427 2365 dimi-

282 2394 547 2453 ambitio
569 2391 916 2450 invexerat
938 2397 1168 2448 contra
1190 2389 1313 2450 Le·
1387 2389 1645 2447 nuendo
1690 2388 1941 2467 factus,
1996 2390 2150 2449 Luc.
2194 2391 2310 2455 tit.

285 2500 465 2560 gem,
513 2475 654 2536 Iob.
707 2493 797 2534 11:
846 2488 970 2553 49,
1026 2476 1118 2534 18:
1174 2480 1272 2538 13.
1345 2457 1539 2534 Posse
1574 2473 1851 2534 dicimur
1880 2475 2190 2555 quodper
2216 2449 2423 2534 Deum

239 2524 583 2626 Pontifices
626 2569 687 2619 et
713 2559 1045 2620 Pharisaei
1071 2561 1150 2619 ob
1175 2562 1310 2640 pri-
1383 2580 1752 2659 possumus,
1781 2560 1966 2620 Rom.
1991 2575 2051 2631 4:
2082 2580 2184 2620 20.
2229 2562 2423 2621 Posse

281 2659 436 2710 vata
474 2645 684 2707 studia
713 2644 859 2704 Iesu
892 2644 1167 2704 maxime
1199 2646 1310 2706 ad·
1384 2645 1487 2704 ius
1531 2646 1759 2724 agendi
1802 2646 2167 2725 significat,
2210 2665 2234 2704 1
2273 2647 2426 2707 Cor.

234 2729 753 2804 versabantur,
798 2723 940 2789 ΙοΙι.
988 2732 1083 2788 18.
1130 2733 1189 2790 3.
1387 2733 1448 2790 3:
1503 2748 1599 2788 11.
1687 2730 1832 2790 Non
1896 2752 2081 2810 posse
2143 2731 2425 2793 dicimur

236 2817 572 2879 Pontificis
631 2814 889 2874 Veteris
950 2821 1016 2873 et
1067 2812 1309 2873 Christi
1384 2813 1559 2891 quod
1598 2814 2004 2893 perdifficile
2066 2824 2210 2890 est,
2251 2805 2425 2877 Act.

281 2900 694 2975 differentia,
782 2897 983 2957 Hebr.
1069 2917 1128 2958 2:
1219 2897 1846 2975 17.15:10.Non
1888 2920 2073 2978 posse
2112 2901 2477 2964 dicuntur.

282 2987 438 3048 Eius
474 2984 720 3045 oblatio
752 2997 870 3062 pro
904 2983 1140 3063 populo
1172 3002 1309 3041 cum
1385 2980 1615 3061 quibus
1644 2980 1909 3040 affectus
1936 2982 2286 3043 vehemens
2309 2988 2428 3046 ob-

284 3070 532 3164 Christi
593 3068 918 3129 oblatione
978 3087 1308 3149 compara·
1388 3072 1556 3138 stat,
1606 3063 1746 3123 Ioh.
1780 3067 1838 3125 8:
1875 3070 1998 3141 43,
2046 3068 2243 3146 Apoc.
2275 3090 2331 3129 2:
2364 3089 2424 3131 2.

278 3158 413 3232 tio,
459 3154 623 3213 ibid.
674 3171 770 3212 ιι.
1347 3149 1672 3210 Possessio
1712 3111 2029 3210 naturalis
2075 3152 2427 3213 utilitatem

239 3240 555 3321 Poparum
585 3238 827 3314 Romae
861 3258 937 3297 ea
961 3243 1103 3296 erat
1125 3235 1312 3296 func·
1389 3253 1600 3293 secum
1628 3233 1797 3309 fert,
1830 3234 1982 3294 Luc.
2009 3234 2066 3295 6.
2099 3238 2222 3296 35.
2266 3237 2428 3297 Pos-

279 3327 374 3384 tio
403 3344 563 3405 quae
606 3323 980 3382 Levitarum
1006 3320 1308 3381 Hieroso·
1387 3318 1745 3379 sessionum
1777 3278 2215 3380 instabilitas
2231 3322 2313 3381 ad
2347 3322 2431 3381 li·-

277 3410 517 3490 lymis,
564 3408 747 3468 Rom.
798 3426 892 3468 12:
950 3425 1045 3465 ιι.
1348 3403 1798 3464 beralitatem
1832 3405 2120 3466 invitare
2155 3428 2274 3467 nos
2313 3408 2430 3467 de-

237 3494 647 3575 Popularitas
682 3493 755 3551 in
791 3490 1054 3552 Christo
1089 3491 1309 3552 lauda·
1386 3489 1539 3564 bet,
1588 3488 1820 3548 Matth.
1858 3490 1920 3551 6:
1973 3512 2068 3570 ¹9·

278 3589 430 3653 tur,
478 3579 682 3637 Marc.
726 3590 785 3647 4:
836 3595 938 3636 21.
1348 3573 1600 3633 Posteri
1636 3583 1988 3653 potuerunt
2018 3576 2187 3634 seria
2216 3575 2429 3635 detes-

235 3663 371 3741 Pop
378 3623 519 3719 u'lus
578 3662 749 3720 idem
811 3670 909 3719 est
953 3680 1069 3741 per
1114 3658 1314 3718 multa
1387 3659 1637 3718 tatione
1669 3667 2080 3738 paternorum
2112 3655 2425 3720 scel'erum

283 3744 542 3819 secula,
572 3743 802 3803 Matth.
829 3748 927 3806 23:
959 3748 1061 3820 35,
1111 3745 1314 3803 Totus
1386 3742 1643 3819 piaculo
1682 3744 1853 3801 ’solvi
1880 3790 1896 3819 ‚
1943 3743 2167 3803 Matth.
2196 3763 2294 3823 27:
2324 3747 2426 3804 25.

274 3830 372 3890 uti
413 3848 545 3886 una
570 3840 871 3907 persona
908 3838 1007 3888 est
1050 3829 1269 3890 civilis
1295 3875 1313 3904 ‚
1391 3827 1692 3886 Posteros
1777 3828 2097 3907 obstringi
2172 3828 2422 3909 magnis

277 3915 371 3975 sic
412 3921 476 3971 et
501 3912 847 3984 -Ecclesiae
871 3957 890 3987 ,
936 3912 1099 3993 Eph.
1130 3934 1182 3972 1:
1218 3917 1314 3973 15.
1387 3910 1744 3976 scele'ribus
1844 3913 2128 3972 omnium
2226 3935 2422 3993 prope

274 3996 733 4079 Populus-Dei
778 3997 1047 4076 populus
1096 3998 1310 4064 Iudai·
1387 3995 1670 4075 gentium
1737 3996 1962 4075 opinio
2027 3997 2199 4073 fuit,
2258 4000 2422 4059 ibid.

181 4117 184 4124 =
274 4104 385 4142 cus
424 4082 580 4141 olim
606 4127 625 4159 ,
665 4081 813 4142 Act.
845 4084 937 4142 13:
965 4084 1069 4152 48.
1127 4081 1311 4141 Nunc
1347 4145 1356 4151 ,
1387 4081 1465 4141 Ιιι
1506 4079 1790 4140 Posteris
1831 4080 2145 4141 Maiorum
2182 4105 2426 4144 memo-
2480 4101 2485 4116 ⁴

179 4229 187 4235 ,
276 4166 579 4230 Ecclesia
649 4166 1026 4227 Christiana
1050 4210 1069 4241 ,
1130 4164 1319 4224 Rom:
1384 4166 1550 4225 riam
1615 4164 1858 4225 habere
1928 4166 2227 4228 solebant
2291 4169 2423 4232 Ro-

276 4273 335 4331 9:
371 4272 425 4309 1.
497 4253 770 4333 Populus
807 4260 1052 4325 terrae,
1082 4250 1313 4310 Matth.
1384 4250 1601 4323 mani,
1651 4248 1807 4308 Luc.
1853 4254 1911 4314 3:
1967 4270 2021 4310 1.

278 4338 378 4396 23:
409 4335 481 4412 6,
522 4337 680 4397 Luc.
706 4357 764 4414 7:
795 4357 907 4416 29,
945 4334 1085 4395 Ioh.
1112 4356 1170 4412 7:
1196 4348 1309 4414 49,
1344 4334 1642 4394 Potentia
1687 4335 1811 4393 Dei
1854 4357 1920 4396 se
1960 4357 2093 4396 non
2130 4335 2424 4396 extendit

273 4418 459 4480 Rom.
491 4441 597 4484 12:
645 4422 773 4484 16„
808 4421 1039 4502 Populi
1086 4421 1168 4488 ad
1212 4440 1309 4479 se·-
1388 4420 1471 4479 ad
1504 4440 1607 4479 res
1633 4420 1919 4512 ininae
1955 4429 2224 4482 naturae
2261 4442 2423 4480 con·-

279 4525 322 4544 ‘=
2160 4515 2167 4520 ‘
2284 4513 2422 4563 tra-

2562 4727 2603 4760 ,κ
