2779 5085
650 266 1037 328 RERUM
1126 260 1220 324 m
1310 269 1963 334 vmzssoaum.
2317 283 2398 361 ες

186 447 362 486 ·ma
426 425 497 486 iu
559 427 803 485 ordine·
857 424 1290 505 Epistularum
1371 430 1615 495 cultata
1635 429 1860 505 fuerit,
1889 430 2395 515 2·Thess.praes.

231 513 451 574 Pauli
511 505 831 591 ponatur,
893 530 1006 567 cur
1055 509 1292 568 Graece
1369 513 1646 583 Quando
1688 516 1967 593 scripta,
2026 516 2194 577 ibid.
2276 519 2398 579 Vi-

204 597 540 673 .acripta,
564 597 701 653 ‘ubi‘
724 593 1007 672 scripta,
1037 593 1294 671 quando
1369 597 1556 655 detur
1626 598 1703 655 de
1759 598 1934 657 =Caio
1999 601 2393 681 Imperatore

239 682 510 760 scripta
534 680 651 750 sit,
683 678 865 737 Rom.
891 678 1118 756 praes.;
1149 677 1293 735 aliis
1369 690 1434 738 et
1477 681 1735 740 Simone
1772 683 1959 763 Mago
1985 706 2201 764 agere,
2232 688 2397 749 ibid.

243 764 583 844 Epistolis
610 763 795 822 Pauli
828 782 941 820 cur
968 761 1294 820 difficilior
1336 764 1624 843 Epistola
1659 766 1840 843 prior
1876 770 1956 827 ad
1983 769 2395 833 Timotheum
2473 822 2494 841 ,-

234 849 604 927 intellectu
627 894 647 926 ,
670 847 863 920 ibid.,
897 846 1079 904 Rom.
1108 865 1164 905 2:
1198 848 1295 905 25.
1373 849 1481 906 ubi
1513 850 1752 927 scripta
1782 850 1898 925 sit,
1951 871 1977 911 1
2013 854 2184 913 Tim.
2211 859 2266 916 3:
2301 871 2397 928 14.

241 935 312 994 A
341 932 689 992 Veteribus
710 930 1296 988 meliusintellecta
1334 931 1620 1009 Epistola
1670 936 1989 1011 posterior
2045 938 2126 997 ad
2176 938 2398 999 Timo-

243 1038 453 1095 quam
507 1038 542 1074 a
584 1016 773 1075 novis
819 1013 1293 1092 scriptoribus,
1370 1014 1585 1074 theum
1632 1018 1888 1094 qnando
1927 1027 1992 1078 et
2035 1021 2146 1081 ubi
2173 1024 2400 1103 rscrip-

244 1101 452 1160 Rom.
484 1100 686 1178 praef.
749 1097 922 1157 Haec
956 1107 1019 1157 et
1055 1098 1136 1156 ad
1171 1098 1294 1156 Ga·-
1369 1108 1473 1173 ta,
1561 1119 1598 1160 2
1647 1100 1817 1160 Tim.
1876 1104 2081 1183 praef.
2190 1109 2398 1168 Multa

247 1187 430 1245 latas
475 1184 773 1262 Epistola
812 1184 1002 1261 plane
1045 1201 1293 1261 germa-
1369 1183 1659 1242 continet
1718 1205 1798 1243 ex
1857 1188 2076 1266 priore
2145 1191 2226 1249 ad
2280 1192 2400 1252 Ti-

250 1290 390 1329 nae
452 1278 644 1344 sunt,
710 1267 850 1326 Gal.
912 1270 969 1327 3:
1037 1286 1131 1344 ¹9·
1216 1266 1293 1326 In
1367 1266 1687 1327 motheum
1733 1279 1798 1328 et
1842 1272 2114 1352 epistola
2154 1275 2236 1334 ad
2280 1276 2398 1337 'ri-

253 1354 621 1423 Marcionis
685 1349 1160 1428 exemplaribus
1215 1350 1295 1409 fi·
1368 1361 1534 1427 tum,
1580 1353 1742 1411 ibid.

251 1440 446 1496 nitur
481 1438 693 1515 capite
725 1449 828 1509 14,
863 1435 1040 1493 Rom.
1073 1448 1164 1503 14:
1199 1439 1293 1496 23.
1336 1436 1622 1515 Epistola
1689 1437 1771 1496 ad
1839 1436 2060 1499 Titum
2138 1441 2398 1519 quando

208 1520 516 1601 Epistola
557 1521 738 1599 prior
784 1520 867 1578 ad
916 1516 1292 1579 Corinthios
1368 1530 1434 1580 et
1477 1521 1585 1578 ubi
1632 1522 1714 1578 sit
1760 1523 2044 1601 scripta,
2094 1524 2230 1584 Tit.
2278 1547 2333 1586 1.

252 1607 373 1666 ubi
419 1604 662 1684 scripta
710 1604 825 1679 sit,
871 1612 1039 1663 caet.
1083 1602 1295 1685 spor.
1329 1603 1624 1683 Epistola
1670 1605 1754 1664 ad
1797 1605 2238 1668 Philemonem
2282 1610 2398 1671 ubi

255 1688 508 1769 praes„
564 1709 588 1746 1
639 1689 789 1747 Cor.
843 1687 935 1748 16:
994 1707 1089 1766 19.
1285 1717 1297 1730 ·
1368 1688 1605 1767 scripta
1652 1691 1782 1763 sit,
1829 1690 2100 1750 Philem.
2151 1714 2206 1756 ι.

216 1773 521 1850 Epistola
565 1768 884 1851 posterior
931 1772 1012 1830 ad
1061 1771 1293 1830 Corin·
1335 1771 1624 1851 Epistola
1662 1775 1743 1832 ad
1780 1772 2106 1836 Hebraeos
2127 1777 2210 1838 ad
2236 1798 2395 1855 quos

258 1858 438 1916 thio‘s
484 1857 740 1935 quando
785 1857 1031 1935 scripta
1071 1858 1188 1926 sit,
1232 1865 1296 1913 et
1370 1857 1766 1936 scriptasit,
1811 1862 2076 1921 Act.21=
2107 1879 2207 1922 2ο.
2253 1862 2396 1935 qu

170 1966 173 1971 ⁴
264 1942 642 2019 cur'priore
684 1941 895 2000 leuior
926 1941 1050 2015 sit,
1082 1959 1118 1998 2
1147 1941 1294 1997 Cor.
1369 1941 1495 1998 fine
1534 1942 1772 2019 scripta
1798 1944 1882 2000 sit
1903 1990 1923 2020 ,
1969 1944 2167 2004 Hebr.
2191 1947 2399 2026 praef.

260 2027 508 2107 praef„
559 2044 593 2082 2
630 2025 779 2084 Cor.
820 2045 871 2083 ι.
958 2021 1172 2082 Etiam
1213 2024 1292 2082 ad
1368 2024 1625 2094 Quanta
1651 2027 1994 2103 prudentia
2017 2031 2258 2108 scripta
2278 2030 2397 2106 sit,

230 2114 430 2168 -alias
469 2108 754 2169 Achaiae
792 2107 1118 2167 Ecclesias
1146 2108 1292 2166 mis-
1373 2107 1571 2167 Hebr.
1618 2109 1676 2167 6:
1732 2129 1825 2168 11.
1893 2110 2150 2190 Scripta
2183 2122 2396 2173 stante

271 2216 341 2253 sa
367 2238 383 2268 ,
433 2212 470 2252 2
507 2194 657 2253 Cor.
709 2212 762 2251 ι.
1371 2191 1579 2252 adhuc
1625 2194 1904 2272 templo,
1954 2194 2151 2255 Hebr.
2190 2199 2395 2273 8213,

230 2277 522 2359 Epistola
565 2280 647 2337 ad
685 2276 943 2335 Galatas
969 2276 1141 2335 inter
1164 2274 1291 2354 pri·
1370 2298 1428 2356 9:
1477 2298 1541 2356 9.
1628 2277 1842 2338 Lucae
1889 2281 2099 2360 potius
2149 2280 2402 2341 adscri-

268 2383 398 2420 mas
445 2363 626 2421 Pauli
672 2382 807 2420 esse
850 2362 1292 2434 existimatur,
1368 2363 1581 2420 benda
1628 2362 1920 2440 videtur,
1967 2384 2155 2443 quam
2202 2367 2399 2425 alicui

238 2447 406 2506 Gal.
451 2447 657 2526 praef.
726 2446 858 2505 Cur
885 2445 1155 2504 caeteris
1182 2464 1292 2503 ve·
1371 2447 1483 2503 alii
1515 2470 1540 2520 ,¹
1584 2444 1786 2505 Hebr.
1831 2449 2032 2525 praes.
2123 2450 2252 2509 Cur
2298 2450 2402 2507 ul·-

260 2530 670 2607 hementior,
712 2530 876 2590 ibid.
958 2528 1100 2601 Quo
1136 2537 1293 2587 tem-
1368 2531 1591 2589 timum
1629 2531 1801 2591 inter
1838 2532 2141 2593 Paulinus
2169 2535 2400 2594 sortita

244 2637 421 2696 -pore
467 2618 710 2697 scripta
752 2616 872 2691 sit,
921 2614 1061 2674 Gal.
1090 2615 1295 2694 praef.
1369 2617 1456 2673 sit
1498 2617 1750 2694 locum,
1803 2637 1825 2675 1
1873 2618 2101 2678 Thess.
2145 2639 2197 2677 1.
2266 2620 2397 2679 Cur
2505 2623 2510 2630 ’

274 2705 330 2762 3:
384 2719 479 2759 11.
860 2743 865 2752 .
1372 2701 1575 2758 serius
1626 2701 1702 2759 ab
1754 2699 2044 2763 Ecclesia
2109 2702 2398 2763 Romana

230 2783 521 2861 Epistola
582 2784 665 2841 ad
724 2782 1038 2863 Ephesios
1100 2804 1215 2842 cur
1259 2802 1294 2840 a
1368 2786 1437 2841 in
1526 2805 1837 2845 canonem
1917 2797 2178 2867 recepta
2266 2789 2397 2861 sit,

268 2861 467 2930 Paulo
530 2870 771 2942 scripta
797 2909 815 2942 ,
883 2866 1045 2946 Eph.
1090 2868 1296 2947 praef.
1372 2868 1572 2927 Hebr.
1610 2870 1668 2928 6:
1706 2871 1767 2928 6.
1815 2869 2137 2950 Epistulas
2180 2875 2396 2951 plnres

271 2952 443 3014 Haec
463 2960 529 3011 et
549 2952 1291 3012 adColossenseseodem
1374 2954 1455 3012 ad
1522 2951 1848 3013 Hebraeos
1909 2955 2131 3014 forsan
2196 2959 2398 3015 exsti-

246 3048 554 3117 .tempore
576 3035 1057 3116 scriptae,ibid.
1090 3035 1292 3093 Huius
1369 3038 1564 3108 tisse‚
1614 3037 1813 3097 Hebr.
1855 3037 1916 3099 6:
1964 3043 2025 3100 3.

269 3122 579 3197 epistolae
616 3129 1086 3201 argumentum,
1135 3120 1292 3177 ibid.
1332 3120 1660 3199 Epistolae
1700 3117 2137 3199 quas'Paulus
2195 3120 2403 3180 Roma

274 3207 712 3268 Putatur·esse
755 3205 974 3263 eadem
1010 3223 1168 3281 quae
1212 3205 1291 3261 ad
1370 3224 1454 3264 ex
1493 3205 1779 3262 vinculis
1827 3206 2087 3284 scripsit
2125 3206 2397 3266 maxime

276 3290 663 3370 Laodicaeos
688 3336 705 3362 ‚
732 3289 924 3361 ibid.,
955 3287 1173 3357 Col.4:
1198 3287 1294 3347 16.
1372 3289 1654 3348 omnium
1703 3299 1850 3347 sunt
1889 3291 2215 3371 egregiae,
2257 3288 2398 3348 Col.

236 3373 1291 3454 EpistolaadPhilippensesquan-
1370 3373 1576 3453 praes.
1641 3372 1969 3444 Quaenam
2013 3378 2185 3451 sint,
2233 3374 2397 3454 pr.

274 3461 352 3519 do
398 3469 461 3519 et
507 3479 623 3517 cur
667 3460 909 3536 scripta
954 3457 1082 3532 sit,
1154 3456 1294 3515 Gal.
1374 3463 1430 3520 3:
1467 3478 1531 3533 1,
1581 3457 1721 3518 Col.
1753 3477 1807 3518 1.
1873 3458 2197 3539 Epistolae
2235 3460 2400 3519 Pau-

275 3545 330 3604 6:
387 3561 479 3601 12.
567 3544 700 3603 Cur
768 3541 1039 3601 caeteris
1092 3541 1291 3600 ‘blan-
1370 3544 1546 3602 linae
1591 3563 1718 3622 quo
1779 3543 2011 3605 ordine
2072 3545 2397 3625 digestae,

275 3630 411 3687 dior
437 3637 502 3685 et
527 3628 807 3710 alacrior
835 3670 851 3700 ‚
899 3624 1071 3690 Phil.
1095 3625 1294 3703 praef.
1371 3626 1555 3684 Rom.
1604 3646 1628 3686 1
1655 3672 1674 3701 ‚
1714 3628 1925 3707 praef.

237 3710 522 3790 Epistola
586 3713 666 3770 ad
724 3711 1140 3770 colossenses
1187 3709 1291 3767 nbi
1333 3709 1759 3788 Epistularum
1809 3710 2226 3771 Paulinarum
2269 3711 2403 3788 pri-

272 3806 330 3855 et
354 3796 607 3873 quando
631 3796 903 3873 scripta,
934 3793 1293 3871 Col.praef.
1370 3814 1473 3851 ma
1511 3814 1726 3853 earum
1764 3815 1923 3873 quae
1968 3796 2048 3852 ad
2094 3817 2209 3854 nos
2255 3815 2403 3872 per·-

237 3876 523 3959 Epistola
582 3881 759 3958 prior
822 3879 903 3937 ad
943 3878 1291 3938 Thessalo·
1370 3878 2396 3957 venere,quaenamsit,2Thess.

271 3964 565 4022 nicenses
613 3963 895 4041 quando¹
929 3972 992 4022 et
1049 3962 1156 4020 ubi
1209 3962 1293 4019 sit
1371 3961 1576 4040 praef.
1644 3962 1967 4031 Quaedam
2012 3964 2244 4022 Paulus
2285 3986 2429 4030 sua,

273 4048 549 4125 scripta,
602 4068 623 4106 ι
659 4046 1200 4124 Thess.praef.3:
1231 4044 1292 4103 6.
1369 4066 1562 4103 manu
1629 4043 1998 4124 scribebat,
2088 4049 2399 4126 quaedam

234 4129 518 4210 Epistola
559 4131 766 4190 altera
817 4131 898 4189 ad
945 4129 1288 4190 Thessalo·
1371 4130 1630 4205 aliena,
1681 4130 1821 4188 Gal.
1862 4130 1919 4188 6:
1980 4151 2073 4191 ιι.

269 4217 558 4274 nicenses
628 4216 712 4275 ad
779 4233 934 4295 quos
1003 4214 1244 4292 scripta
1271 4258 1289 4288 ,
1331 4213 1620 4293 Epistola
1641 4214 2400 4296 Iacobiquibusetquan-

273 4298 448 4357 Rom.
480 4299 575 4358 16:
600 4318 671 4359 21
701 4344 719 4375 ,
754 4320 779 4358 1
808 4298 1288 4376 Thess.praef.,
1372 4301 1452 4357 do
1500 4299 1741 4377 scripta
1787 4299 1872 4357 sit
1901 4345 1915 4371 ,
1964 4300 2097 4362 Iac.
2150 4321 2201 4360 i:
2258 4321 2312 4359 1.

271 4402 307 4442 2
332 4382 560 4441 Thess.
585 4384 791 4464 praes.
855 4383 988 4441 Cur
1014 4382 1292 4441 secunda
1334 4383 1620 4461 Epistola
1656 4382 1831 4442 Petri
1871 4386 2074 4445 altera
2109 4385 2396 4444 Traiano

275 4467 520 4528 dicatur
544 4512 564 4544 ‚
608 4469 781 4529 ibid.
854 4467 988 4529 Cui·
1035 4467 1144 4528 diu
1183 4488 1291 4528 oc-
1368 4469 1729 4610 impet-amp
1763 4471 2001 4549 scripta
2026 4479 2142 4544 est,
2172 4469 2400 4529 2Peta-.

1727 4553 1737 4565 ’
1768 4558 1803 4616 3
2340 4571 2389 4609 1:
