2779 5085
643 212 1032 295 RERUM
1119 232 1217 274 nr
1301 207 1964 275 VERBORUM.
2278 237 2401 299 217

266 400 389 460 que
425 397 561 438 eam
606 373 857 435 obtinet
878 374 959 433 -in
994 370 1301 454 profanos
1375 370 1438 432 61
1486 372 1549 431 6.
1632 372 1815 434 Sauli
1875 371 2064 454 Regis
2112 383 2176 433 et
2225 376 2405 436 Sauli

270 465 383 545 qui
447 463 571 542 piis
638 458 967 527 accenseri
1024 457 1258 516 volunt
1283 500 1302 531 ‚
1378 477 1490 516 seu
1524 456 1709 516 Pauli
1747 457 2044 537 Apostoli
2080 480 2412 541 compara-

277 548 515 609 1-Cor.
559 549 618 606 5:
674 549 757 619 3,
824 563 861 604 2
907 543 1057 602 Cor.
1102 560 1195 601 121
1247 562 1305 621 7.
1375 543 1513 619 tio,
1551 541 1885 620 Act.9:6,
1920 546 2411 617 13:21‚2Cor.

273 632 550 704 Quando
615 628 871 688 dicatur
927 626 1198 705 implere
1245 635 1309 685 et
1382 630 1441 688 3:
1472 626 1534 685 6.
1599 625 1783 685 Sauli
1825 646 1936 685 seu
1980 627 2166 686 Pauli
2200 629 2411 710 imago

272 718 528 789 intrare
552 713 916 786 hominem,
942 710 1098 769 Luc.
1118 713 1271 771 2213
1289 753 1307 784 ,
1383 708 1592 789 qualis
1627 709 1825 769 fuerit
1858 719 2008 769 ante
2039 702 2415 775 conversioss

274 796 423 861 loh.
456 788 683 877 13:²27.
750 795 1025 867 Quando
1059 795 1311 854 dicatur
1383 815 1571 870 nem,
1617 795 1768 854 Act.
1811 815 1870 874 9:
1921 796 1981 853 8.

275 886 352 944 in
401 902 723 943 carcerem
772 878 1164 961 profundum
1207 880 1310 937 in·
1347 880 1594 939 Saxona
1632 879 1781 937 loca
1815 878 2031 938 colent
2054 899 2194 939 esse
2220 881 2421 940 multa

167 1045 174 1047 λ
277 969 502 1042 cludi,
549 969 748 1046 Apoc.
789 986 850 1045 9:
903 984 958 1024 1.
1034 963 1312 1023 Satanae
1386 964 1557 1021 circa
1600 963 1888 1038 insulas,
1934 963 2078 1022 Act.
2120 984 2221 1042 271
2262 984 2362 1044 29.

276 1063 345 1114 et
382 1052 690 1112 malorum
727 1048 1082 1129 Spirituum
1115 1068 1312 1126 syno-
1348 1048 1712 1107 Scabellum
1761 1049 1989 1127 pedum
2039 1046 2422 1108 Pharisaeo-

278 1158 481 1217 nyma
507 1179 527 1211 ,
593 1133 757 1214 Eph.
825 1132 883 1193 61
957 1151 1053 1191 12.
1159 1130 1311 1189 Eius
1386 1151 1528 1189 rum
1613 1132 1856 1192 dicitur
1932 1131 2117 1212 plebs
2185 1134 2368 1193 rudia
2398 1178 2419 1209 ‚

278 1221 619 1300 imperium
664 1218 852 1301 etiam
890 1217 1121 1275 ordine
1157 1235 1312 1274 con-

282 1316 431 1381 stat,
454 1304 615 1363 ibid.
653 1301 805 1361 Eius
832 1299 1112 1360 ministri
1139 1308 1309 1371 sunt,
1385 1309 1451 1358 et
1524 1320 1932 1359 scamnorum
2002 1300 2372 1363 differentia
2397 1347 2419 1379 ,
2500 1366 2515 1379 χ

278 1391 392 1470 qni
455 1388 552 1448 aui
611 1386 925 1449 commodi
976 1405 1169 1443 causa
1214 1382 1312 1441 fo·
1386 1384 1618 1444 Matth.
1664 1387 1723 1446 5:
1774 1387 1876 1445 35.

279 1483 445 1535 vent
485 1471 784 1553 peccata,
833 1490 868 1530 2
907 1470 1058 1529 Cor.
1091 1488 1183 1531 111
1219 1470 1314 1527 15.
1348 1469 1578 1528 Scabie
1627 1469 1803 1548 turpi
1844 1470 2216 1530 laborantes
2252 1470 2422 1549 apud

279 1559 472 1617 Vires
505 1556 1060 1628 exterminantur,
1095 1551 1148 1610 si
1177 1572 1311 1610 cre·
1389 1554 1660 1612 Iudaeos
1722 1563 2028 1612 arcentur
2085 1554 2424 1615 hominum

279 1643 461 1704 brius
559 1640 965 1712 conveniant„
1042 1637 1268 1696 fideles
1295 1681 1313 1711 ,
1391 1637 1777 1696 commercio
1800 1681 1818 1711 ,
1852 1618 2009 1696 Ltic.
2034 1638 2092 1696 61
2125 1659 2221 1698 22.
2276 1639 2422 1699 Non

284 1728 486 1788 Hebr.
533 1744 626 1785 101
673 1727 775 1785 25.
862 1723 1140 1791 Satanae
1182 1728 1311 1779 tra·
1386 1722 1724 1780 intrabant
1744 1721 1996 1800 oppida,
2026 1722 2178 1793 Luc.
2205 1726 2298 1782 18:
2327 1742 2422 1783 12.

284 1814 437 1872 dere
483 1810 637 1890 quid
679 1809 804 1882 nit,
852 1828 878 1868 1
931 1804 1082 1867 Cor.
1116 1809 1176 1866 5:
1217 1808 1277 1866 3.
1391 1807 1626 1865 Procul
1685 1807 1939 1865 abstare
1987 1807 2419 1882 iubebantur,

241 1896 530 1957 Sationis
557 1894 840 1953 laborem
867 1892 1112 1950 solatur
1137 1909 1314 1971 apes,
1391 1901 1455 1950 et
1519 1891 1924 1968 proclamare
1981 1890 2423 1967 immundum,

285 1982 427 2044 loh.
467 1993 526 2049 4:
575 1982 676 2039 35.
1389 1974 1827 2047 immundum,
1875 1974 2038 2033 ibid.

242 2066 412 2128 Satis
479 2065 638 2133 'dare
699 2068 765 2120 et
817 2060 973 2120 satis
1025 2057 1316 2137 accipere
1352 2059 1660 2119 Scandali
1688 2059 1835 2117 -v‘ox
1876 2080 2009 2118 non
2052 2058 2242 2119 factis
2282 2069 2429 2121 tan-

282 2150 442 2230 quid
525 2146 897 2227 significent
957 2145 1050 2203 «in
1131 2142 1315 2215 iure,
1394 2153 1532 2202 tum
1595 2144 1705 2203 sed
1771 2151 1835 2201 et
1891 2143 2262 2203 hominibus
2309 2134 2434 2204 tri-

279 2237 494 2298 Marc.
542 2235 634 2292 15:
683 2232 796 2305 15,
848 2250 942 2307 17:
988 2251 1049 2309 9.
1116 2227 1315 2286 Satis·
1393 2227 1656 2307 buitur,
1722 2227 1953 2288 Matth.
2006 2232 2100 2290 13:
2151 2241 2255 2298 41.
2347 2229 2432 2291 Et

283 2320 504 2381 facere
563 2315 717 2394 quid
775 2310 1144 2373 auctoribus
1197 2311 1316 2370 La·
1393 2312 1736 2392 qualibua,
1783 2312 1940 2372 ibid.
2423 2338 2427 2343 ·

255 2405 442 2463 &tinia
512 2420 740 2480 caepe,
805 2398 1038 2463 Matth.
1083 2400 1143 2458 51
1195 2409 1317 2470 24,
1356 2398 1696 2458 Scantinia
1746 2398 1856 2455 lex
1902 2398 2057 2476 quid
2103 2398 2429 2476 vetuerit,

288 2491 497 2551 Marc.
542 2482 639 2564 151
694 2487 790 2545 15.
1400 2483 1584 2541 Rom.
1634 2501 1685 2542 1:
1733 2485 1832 2542 28.
2046 2538 2053 2546 ,

247 2575 442 2642 Sator
481 2569 552 2630 in‘
597 2570 802 2651 prima
846 2567 1093 2628 Christi
1135 2566 1322 2645 para·
1356 2568 1582 2638 Scelus
1626 2567 1902 2645 primum
1951 2588 2068 2647 pro
2113 2566 2431 2630 encoenia

289 2658 443 2720 bola
501 2649 845 2738 Doctore‘m
891 2652 1078 2712 verbi
1124 2650 1322 2732 signi·
1398 2652 1755 2712 ducendum
1794 2673 1925 2710 non
1960 2663 2097 2729 est,
2135 2652 2331 2711 Hebr.
2368 2674 2428 2732 9:

289 2745 485 2815 ficat,
546 2741 617 2798 in
664 2737 945 2799 secunda
995 2736 1320 2796 Christum
1404 2739 1500 2800 18.
1569 2737 1835 2797 Scelera
1858 2746 2128 2812 manent,
2148 2737 2431 2812 scelera,

289 2829 499 2907 ipsum
525 2870 543 2899 ,
584 2824 785 2884 Marc.
808 2831 869 2893 ζμ
904 2834 1011 2896 14,
1038 2820 1143 2880 26.
1171 2857 1178 2863 2
1207 2819 1321 2878 Sa·
1396 2841 1790 2901 quocumque
1818 2822 2079 2882 nomine
2108 2843 2436 2883 commen-

291 2912 422 2971 tori
485 2910 733 2969 fructus
799 2904 977 2966 omni
1022 2906 1165 2966 iure
1215 2904 1326 2962 de-
1402 2906 1679 2980 dentur,
1723 2904 1953 2964 Matth.
1985 2912 2209 2977 15141.
2278 2906 2438 2965 Sce-

292 2998 529 3057 bentur
551 3038 569 3068 ,
603 2992 760 3051 Luc.
792 3011 884 3067 17:
916 3009 975 3066 7.
1031 2989 1323 3048 Sator-em
2051 2973 2065 2994 “

290 3101 530 3141 vocare
554 3080 754 3137 Deum
777 3075 993 3136 solent
1012 3071 1323 3146 Hebraei,

302 3184 322 3224 1
371 3166 543 3225 Petr.
594 3182 642 3223 11
692 3165 794 3223 23.

1400 2989 1538 3047 lera
1563 2989 1635 3046 in
1661 2989 1908 3046 scelera
1931 2988 2163 3050 ducere
2185 2992 2434 3066 solent,

1399 3070 1634 3133 Matth.
1687 3073 1786 3132 28:
1846 3074 1958 3146 13,
2028 3072 2183 3132 Luc.
2226 3078 2284 3135 3:
2331 3093 2432 3133 20.

1403 3157 1667 3218 Scelera
1683 3174 1994 3233 quaenam
2020 3176 2054 3214 a
2076 3157 2293 3215 multis
2318 3178 2432 3235 pu-

255 3250 569 3329 Satrapae
599 3266 834 3307 nomen
856 3242 1065 3318 unde,
1096 3237 1326 3299 Matth.
1400 3250 1620 3301 tentur
1663 3238 1920 3298 solertis
1963 3239 2212 3320 ingenii
2260 3262 2435 3300 com-

275 3338 393 3406 ·,181
454 3352 549 3393 10.
1211 3359 1214 3362 -
1401 3334 1652 3399 menta,
1704 3324 1886 3383 Rom.
1931 3345 1990 3403 7:
2036 3346 2098 3406 7.

255 3411 1170 3492 SaturnusPhoenicibuaquis
1188 3409 1324 3469 dic-
1361 3408 2025 3472 Sceleratissimorum
2084 3430 2351 3470 numero

292 3515 428 3575 tua,
461 3499 688 3562 Matth.
713 3502 772 3559 5:
803 3502 902 3560 31.
960 3495 1325 3558 Gentilibus
1403 3517 1537 3557 non
1621 3494 1990 3568 contineri,
2063 3497 2136 3555 in
2209 3514 2438 3573 magna

298 3588 538 3647 dicitur
578 3587 750 3658 Deua
791 3603 973 3663 quem
1020 3580 1329 3660 putabant
1400 3581 1621 3642 laude·
1653 3577 2028 3658 ponendum
2070 3600 2204 3639 non
2250 3590 2433 3656 08110,

299 3693 338 3729 a
363 3669 616 3730 Iudaeis
646 3668 808 3741 coli,
841 3665 1070 3728 Matth.
1097 3679 1195 3735 241
1228 3663 1328 3744 39.
1406 3666 1558 3723 Luc.
1609 3666 1702 3724 18:
1756 3683 1854 3723 11.

191 3779 204 3787 ·
297 3755 564 3817 Saturni
627 3753 816 3811 atella
869 3752 1028 3831 ,quid
1076 3749 1329 3808 dicatur
1362 3748 1800 3828 Scenopegiae
1875 3747 2108 3807 festum
2184 3748 2440 3809 Iudaeis

299 3839 488 3920 Syris
553 3845 619 3897 et
665 3836 984 3895 Arabibus
1009 3878 1026 3907 ,
1076 3837 1219 3894 Act.
1268 3854 1324 3913 7:
1402 3834 1482 3893 ad
1515 3834 1887 3891 memoriam
1922 3833 2220 3910 militaris
2248 3833 2437 3893 habi-

283 3931 405 3998 43.
493 3921 894 3982 Αωωοιιίῐίε,
953 3920 1128 3978 dicta
1192 3919 1333 3980 Mo·
1403 3917 1671 3976 tationis
1696 3917 1768 3975 in
1797 3916 2051 3976 deserto
2075 3961 2091 3990 ‚
2121 3918 2262 3977 Ioh.
2286 3918 2345 3978 6:
2376 3938 2439 3979 2.

295 4007 451 4071 10011
494 4008 572 4067 de
614 4005 876 4065 nomine
919 4003 1110 4084 Regis
1155 4002 1332 4083 ipso·
1408 4002 1557 4061 Eius
1623 4001 1969 4060 Sabbatum
2030 4012 2439 4080 nuncupatur

299 4115 480 4168 rum,
528 4091 691 4151 ibid.
1107 4137 1120 4152 .
1404 4087 1762 4147 Primorum
1788 4086 2083 4162 tertium,
2114 4088 2271 4147 Luc.
2292 4087 2350 4149 61
2383 4107 2439 4149 1.

173 4213 174 4216 ¹
259 4180 417 4241 Saul
479 4180 1147 4260 quantum-terrorem
1197 4172 1327 4229 Da·
1402 4171 1572 4233 Vide
1644 4170 2242 4232 Tabernaculorum
2308 4172 2441 4233 sea-

300 4263 444 4324 vidi
488 4257 905 4332 incusserint
937 4257 1090 4318 Act.
1126 4275 1184 4317 21
1231 4255 1331 4316 26.
1401 4267 1563 4317 tum.
2038 4259 2045 4268 ’

298 4347 455 4408 Eius
505 4345 705 4405 aulici
749 4343 807 4403 ei
857 4343 928 4401 in
971 4341 1164 4401 rebus
1210 4339 1329 4398 im-
1362 4341 1806 4422 Scepticorum
1857 4338 2131 4422 dogma,
2192 4362 2219 4401 1
2266 4340 2438 4401 Tim.

295 4431 519 4515 probis
600 4428 1079 4504 adulabantur,
1165 4422 1330 4503 Eph.
1404 4426 1573 4499 614.

1152 4507 1208 4572 Ο
1233 4513 1271 4570 5
2248 4511 2445 4589 Scep-

1386 1214 1616 1276 Matth.
1666 1219 1764 1276 23:
1816 1215 1876 1274 6.
1973 1215 2419 1276 Scabellorum
2512 1256 2515 1259 -
