2779 5085
373 283 491 331 110
1188 234 1729 335 ,11101331

409 416 507 486 163
564 439 663 504 14.
750 421 905 483 Eius
972 418 1208 483 lenitas
1261 422 1434 482 circa
1506 417 1805 483 exhibuit
1844 420 1914 483 in
1955 414 2210 482 Claudii
2241 413 2543 485 Caesaris

404 510 619 591 lapsos
645 553 665 582 ,
712 506 874 569 ibid.
1504 506 1866 581 honorem,
1919 509 2063 567 Act.
2117 525 2212 569 123
2271 526 2370 569 21.

364 593 636 654 Hermes
672 611 910 651 nomen
934 590 1044 650 ubi
1071 591 1434 671 reperiatur
1471 591 1744 652 Herodis
1770 594 2033 672 posteri,
2060 591 2337 653 Herodis
2358 596 2544 675 Mag-

403 687 467 738 et
512 675 590 736 de
630 697 797 755 quo,
846 676 1029 736 Rom.
1082 676 1178 737 16:
1233 689 1331 748 14.
1507 678 1576 737 ni
1623 677 1962 757 exemplo,
2025 678 2408 738 Caesaribus
2474 687 2543 740 et

363 760 786 841 Hermogenis
878 782 1115 819 nomen
1204 761 1433 842 quibus
1513 762 1746 843 populo
1789 761 2060 822 ludaico
2105 764 2358 843 placere
2401 772 2544 823 stu-

402 865 740 911 commune
774 844 930 918 suit,
978 863 1016 904 2
1042 845 1214 905 Tim.
1247 863 1301 908 1:
1335 849 1435 906 15.
1509 846 1733 907 dentes
1759 890 1777 922 ‚
1837 856 2172 907 rectumne
2214 856 2383 907 esset
2427 848 2542 908 vel

363 929 657 991 Herodes
723 938 788 989 et
854 927 1151 1009 Hyrodes
1214 931 1433 1012 qualia
1508 951 1642 992 non
1702 931 1876 1010 quod
1943 940 2257 1012 agerent,
2341 933 2544 1014 plane

401 1015 705 1087 nomina,
756 1012 938 1072 Rom.
990 1014 1086 1074 16:
1117 1031 1214 1074 10.
1304 1013 1435 1075 He·
1510 1014 1768 1089 securi,
1815 1015 1958 1074 Act.
2005 1033 2098 1076 123
2150 1020 2209 1078 3.
2323 1040 2326 1045 ⁴

362 1100 591 1161 *rodes
660 1097 1047 1157 dicebantur
1121 1106 1430 1179 quotquot
1473 1098 1829 1160 Herodiani
1875 1120 1959 1159 an
1996 1102 2127 1160 sint
2167 1100 2365 1181 iidem
2392 1121 2540 1163 cum

398 1205 482 1244 ex
548 1182 801 1242 familia
870 1183 1091 1262 Magni
1151 1182 1430 1243 Herodis
1508 1182 1927 1243 Dositheanis
1955 1228 1973 1260 ‚
2017 1186 2187 1265 quod
2227 1183 2547 1246 Thalmu-

399 1275 623 1341 erant,
673 1268 818 1326 Act.
870 1284 965 1328 12:
1002 1284 1056 1327 1.
1508 1268 1737 1347 distae,
1775 1269 2055 1347 volunt,
2124 1269 2327 1329 Marc.
2376 1290 2432 1351 3:
2477 1271 2542 1331 6.

357 1351 651 1412 Herodes
670 1350 934 1431 Magnus
950 1352 1256 1431 templum
1272 1370 1427 1410 aux·
1510 1351 1753 1412 Herodi
1777 1350 2088 1413 honorem
2119 1353 2504 1415 deserebant
2519 1403 2541 1433 ‚

395 1436 492 1511 it,
541 1430 962 1496 non'no'vum
1018 1435 1221 1513 fecit,
1291 1433 1432 1495 Ioh.
1506 1437 1613 1515 qui
1683 1435 1952 1497 Messiae
2013 1438 2413 1514 debebatur,
2473 1447 2544 1501 et

397 1539 455 1581 23
505 1538 604 1580 20.
673 1519 963 1581 Romano
1007 1521 1275 1603 imperio
1310 1521 1431 1580 tri·
1510 1521 1906 1581 Sadducaeis
1936 1523 2007 1581 in
2035 1523 2352 1604 plerisque
2380 1546 2545 1584 con-

392 1605 552 1665 buta
642 1605 883 1682 dabat,
1000 1607 1156 1666 Luc.
1239 1626 1297 1666 23
1376 1621 1431 1665 1.
1506 1606 1922 1682 sentiebant,
1990 1606 2223 1668 Matth.
2295 1610 2389 1670 16:
2448 1609 2539 1689 6,

395 1689 737 1769 Ignoravit
802 1709 878 1749 ea
942 1711 1102 1769 quae
1182 1687 1427 1750 Christi
1509 1709 1605 1750 22:
1666 1690 1782 1769 16,
1833 1692 2038 1752 Marc.
2085 1695 2143 1752 83
2196 1695 2292 1753 15.

394 1773 813 1833 nativitatem
847 1776 1140 1851 proxime
1168 1774 1429 1834 fuerunt
1471 1773 1673 1834 Herus
1707 1775 1973 1845 ⁸Latinis
2017 1778 2185 1837 idem
2212 1777 2382 1857 quod
2410 1777 2543 1839 He-

396 1859 780 1932 subsecuta,
831 1858 989 1923 Luc.
1037 1880 1093 1922 2:
1145 1879 1244 1920 22.
1503 1881 1648 1936 res,
1701 1860 1896 1920 Hebr.
1940 1879 1993 1922 13
2043 1881 2101 1921 2.
2164 1861 2368 1922 Herus
2409 1865 2539 1923 Mi-

356 1942 649 2003 Herodes
716 1943 1079 2002 Tetrarcha
1138 1944 1426 2024 quisnam
1506 1965 1628 2004 nor
1652 1955 1929 2005 vocatur
1963 1947 2033 2006 in
2072 1946 2433 2007 Comoediis
2459 1949 2540 2006 fi-

393 2027 634 2100 fuerit,
683 2034 748 2086 et
791 2029 1023 2106 quibus
1070 2028 1428 2109 imperave-
1503 2028 1952 2103 lius-familias
1980 2075 1997 2104 ‚
2052 2029 2208 2089 Luc.
2262 2035 2357 2093 15:
2413 2014 2537 2114 31,

391 2112 532 2186 rit,
597 2112 740 2170 Act.
794 2132 888 2193 13:
945 2132 1001 2176 1.
1087 2112 1240 2171 Eius
1305 2114 1426 2169 im·
1503 2111 1643 2170 Ioh.
1689 2114 1748 2173 83
1796 2117 1915 2188 35,
1967 2108 2165 2173 Hebr.
2203 2119 2261 2176 33
2301 2117 2362 2177 6.

395 2196 646 2278 perium
693 2195 1045 2256 Galilaeam
1087 2205 1151 2255 et
1193 2197 1424 2256 Perae·
1468 2195 1671 2255 Herae
1717 2196 1946 2255 infami
2009 2199 2262 2261 servire
2313 2201 2536 2282 indig-

394 2302 493 2338 am
538 2300 671 2339 non
716 2280 1103 2353 excedebat,
1139 2279 1293 2339 Luc.
1326 2300 1420 2362 13:
1503 2300 1650 2339 num
1679 2325 1695 2355 ,
1744 2280 1928 2340 Rom.
1977 2283 2036 2343 6:
2090 2302 2187 2345 12.

400 2384 502 2446 31.
591 2362 728 2421 Rex
777 2384 814 2422 a
865 2364 1170 2424 Galnlaeis
1229 2386 1421 2425 voca·
1467 2364 1727 2424 Hesiodi
1792 2367 1971 2425 locus
2042 2368 2121 2428 de
2185 2367 2327 2428 iure
2373 2389 2535 2448 gen-

393 2458 542 2522 tus,
611 2447 811 2507 Marc.
862 2449 919 2510 63
974 2461 1098 2523 14,
1169 2448 1310 2508 1011.
1358 2471 1419 2530 43
1500 2450 1655 2521 tium
1689 2493 1705 2523 ,
1777 2449 1957 2509 Rom.
2019 2452 2115 2512 163
2169 2471 2267 2532 37.
2372 2452 2531 2512 Eius

393 2534 495 2597 26.
546 2530 698 2591 Eius
736 2531 1053 2593 instinctu
1088 2532 1419 2595 Pharisaei
1453 2549 1456 2552 “
1500 2533 1909 2633 genealogias
1950 2536 2230 2596 Deorum
2261 2537 2341 2596 ad
2375 2537 2533 2616 quid

394 2616 721 2679 Christum
768 2617 1032 2690 adiere,
1108 2616 1273 2678 Luc]
1324 2640 1419 2701 13:
1498 2619 1793 2678 Gnostici
1833 2620 2246 2701 referebant,
2295 2638 2322 2682 1
2356 2623 2529 2682 Tim.

393 2724 494 2786 31.
560 2701 794 2762 Merito
842 2723 878 2761 a
926 2702 1190 2762 Christo
1237 2705 1419 2784 vulpi
1503 2721 1556 2764 13
1604 2724 1669 2784 4.

395 2795 851 2866 comparatur,
924 2788 1083 2847 Luc.
1154 2809 1249 2870 13:
1324 2810 1424 2871 32.
1463 2788 1822 2867 Hierapolis
1895 2811 2132 2849 nomen
2199 2792 2530 2853 variarum

392 2873 665 2933 Causam
702 2870 868 2929 dixit
904 2872 1075 2952 apud
1115 2874 1419 2933 Senatum
1495 2874 1750 2932 urbium
1781 2919 1796 2946 ‚
1849 2874 1990 2933 Col.
2030 2869 2092 2956 43
2152 2896 2248 2955 13.

392 2954 1058 3034 Hierosolymitanum
1089 3003 1108 3032 ,
1194 2958 1423 3017 Matth.
1463 2956 1946 3019 Hierichuntem
1992 2980 2217 3019 versus
2259 2961 2336 3018 ab
2377 2959 2524 3020 Hie-

388 3045 452 3103 5:
483 3060 602 3101 ·22.
675 3037 1063 3100 Herodianis
1110 3042 1276 3101 clam
1324 3043 1421 3101 fa-
1497 3043 1837 3121 rosolymis
1880 3046 1987 3105 via
2025 3044 2385 3104 latrociniis
2423 3046 2529 3103 in-

389 3126 533 3208 vit,
575 3124 733 3184 ibid.
810 3126 968 3185 Cum
1013 3126 1423 3187 occideretur
1493 3126 1718 3199 samis,
1772 3128 1926 3187 Luc.
1982 3147 2073 3188 103
2124 3134 2223 3188 30.
2312 3127 2529 3186 Hieri-

390 3210 716 3272 lohannes
744 3209 1417 3287 Baptista,exercitum
1497 3211 1653 3270 chus
1678 3214 1799 3270 sita
1823 3224 1962 3271 erat.
1980 3214 2150 3272 inter
2172 3213 2527 3272 Galilaeam

389 3304 687 3377 paratum
756 3294 1041 3354 habebat
1108 3296 1420 3357 adversus
1496 3306 1558 3355 et
1602 3295 2094 3376 Hierosolyma,
2144 3298 2301 3357 Luc.
2348 3318 2437 3377 ¹9³
2476 3319 2528 3358 1.

391 3381 696 3451 Aretam,
747 3379 945 3438 Marc.
989 3377 1047 3439 6':
1100 3397 1200 3441 21.
1264 3381 1420 3441 Eius
1497 3380 1650 3440 Eius
1696 3383 2085 3441 munimenta
2130 3382 2447 3461 quomodo
2493 3406 2528 3442 a

389 3465 460 3524 in
525 3464 891 3540 spernendo
973 3463 1235 3523 Christo
1317 3488 1419 3525 su-
1495 3466 1682 3524 Iosua
1733 3466 2023 3539 deiecta,
2074 3466 2254 3524 Rom.
2307 3488 2397 3527 10:
2444 3482 2523 3542 4,

391 3549 660 3628 perbia,
730 3547 886 3608 Luc.
950 3569 1047 3629 23:
1102 3566 1201 3610 11.
1291 3550 1421 3611 Cur
1496 3571 1532 3611 2
1570 3551 1717 3609 Cor.
1768 3568 1857 3610 103
1904 3554 1962 3610 5.
1997 3601 2002 3610 .
2032 3550 2176 3622 Quo
2224 3551 2326 3610 die
2372 3541 2528 3611 co'n-

391 3633 716 3694 Christum
746 3633 1029 3697 illuserit
1055 3644 1232 3695 veste
1266 3658 1420 3717 pur-
1494 3635 1807 3706 ciderint,
1866 3633 2060 3695 Hebr.
2118 3657 2206 3696 113
2259 3642 2358 3695 30.

390 3740 632 3797 purea,
677 3718 838 3778 ibid.
1140 3791 1145 3798 .
1460 3719 1885 3800 Hieronymus
1937 3722 2198 3801 Didymi
2245 3721 2528 3799 discipu-

350 3802 640 3864 Herodes
710 3803 990 3885 Agrippa
1032 3807 1091 3861 'a
1141 3804 1417 3864 Claudio
1497 3806 1630 3876 lus,
1694 3825 1710 3862 1
1764 3804 1901 3864 loh.
1950 3810 2005 3866 3:
2052 3829 2112 3885 9.
2182 3807 2395 3865 Biblia
2443 3827 2520 3863 ex

389 3887 753 3948 Tetrarcha
853 3889 1124 3948 iudaeae
1209 3890 1416 3948 factus
1497 3889 1664 3949 LXX
1715 3893 2021 3950 versione
2072 3891 2401 3948 transtulit
2452 3889 2522 3947 in
2563 3927 2572 3936 -

389 3982 531 4046 est,
585 3975 730 4033 Act.
780 3990 872 4033 123
925 3994 981 4034 2.
1073 3972 1226 4032 Eius
1274 3995 1416 4032 ves·
1496 3974 1839 4042 Latinum,
1896 3976 2091 4035 Hebr.
2146 3994 2235 4034 103
2281 3977 2341 4033 5.

385 4058 543 4116 titus
627 4057 838 4138 regius
931 4060 1140 4137 qualis
1230 4069 1371 4119 erat
1401 4106 1414 4130 ,
1460 4059 1903 4139 Hierosolyma
1950 4064 2124 4118 cuins
2170 4058 2413 4117 numeri
2448 4058 2526 4118 'et
2619 4049 2626 4064 ’

385 4144 535 4203 Act.
606 4159 697 4203 123
752 4160 849 4203 21.
962 4142 1093 4202 Cur
1159 4145 1235 4202 ab
1288 4147 1414 4203 An·
1494 4145 1788 4223 generis,
1835 4144 2057 4202 Matth.
2102 4164 2156 4203 23
2190 4148 2248 4204 3.
2313 4141 2525 4221 Caput

389 4225 532 4308 gelo
582 4227 837 4286 Domini
909 4228 1307 4309 percutitur,
1354 4238 1414 4286 et
1493 4230 1671 4308 regni
1740 4229 2022 4300 Iudaici,
2098 4228 2251 4287 Luc.
2316 4248 2366 4288 13
2421 4232 2522 4309 39.
2597 4231 2600 4234 ’

385 4312 707 4392 quomodo
731 4312 942 4387 ‚·Act.
990 4330 1086 4373 12:
1135 4334 1235 4392 23.
1285 4316 1407 4372 An·
1499 4310 1804 4372 Ultimmn
1871 4313 2072 4396 gentis
2121 4312 2521 4373 Israeliticae

383 4397 672 4479 gelorum
762 4398 1063 4457 vestitum
1172 4397 1413 4457 imitari
1493 4398 1843 4479 refugium,
1902 4421 1922 4458 1
1957 4400 2131 4459 Petr.
2171 4417 2226 4458 23
2256 4398 2316 4456 6.
2361 4399 2521 4471 Qui·
2559 4441 2562 4444 ,

374 4482 638 4560 voluit,
685 4479 918 4543 Matth.
960 4485 1059 4542 283
1094 4502 1152 4560 3.
1195 4482 1417 4543 Ludos
1490 4505 1638 4543 nam
1677 4503 1822 4544 cum·
1867 4485 2175 4544 Romanis
2221 4503 2360 4544 eam
2408 4484 2525 4542 ob-

2436 4588 2526 4628 sle
