2779 5085
635 178 1024 292 nanum
1110 238 1193 278 m
1298 212 1959 280 vsasoaum.

260 380 366 440 ius
410 376 588 439 vitae
630 385 697 435 et.
750 374 934 435 necis
979 375 1132 436 olim
1175 374 1297 436 ha·
1327 373 1600 456 signare
1638 374 1923 438 frontem
1962 380 2173 441 crucis
2207 383 2399 465 signo

266 463 550 537 bebant,
596 458 871 520 Philem.
912 463 1008 522 15.

1372 481 1510 521 mos
1596 460 1751 523 olim
1835 462 2398 546 Christianorum,

226 547 458 610 Severi
531 543 945 625 Imperatoris
1021 559 1160 604 mos
1225 542 1298 603 in
1373 546 1577 624 Apoc.
1636 564 1694 622 7:
1757 548 1819 606 3.
1904 547 2217 627 Signandi
2282 553 2405 615 ho-

266 629 655 693 ordinandis

801 626 1298 690 Provinciarum
1373 630 1580 689 mines
1625 648 1806 706 mos,
1852 631 2058 710 Apoc.
2110 640 2202 697 131
2255 638 2351 698 16.

269 710 700 788 Rectoribus,
775 713 1028 773 1·Tim.·
1073 715 1132 775 3:
1209 732 1302 773 10.
1337 715 1603 795 Signum
1684 715 2009 793 pactionis
2073 722 2446 799 sanguinis-

270 801 434 862 Eum
468 797 1068 878 Archisynagogum
1096 800 1301 859 etAr—
1375 801 1553 859 inter
1617 798 1999 860 Sacerdotes
2061 811 2125 862 et
2186 806 2408 866 ludam

272 885 538 946 chierea
599 883 795 942 fuisse
865 883 1303 962 appellatum,

274 968 510 1032 Matth.
555 988 614 1046 9:
670 970 764 1027 18.
851 965 1011 1026 Eum
1063 988 1099 1025 a
1147 967 1302 1028 Pro-

271 1056 423 1113 culo
494 1050 864 1131 Christiano
925 1072 1037 1130 per
1092 1053 1302 1112 oleum

274 1138 806 1215 suisse1curatum
837 1177 856 1208 ,
921 1134 1051 1195 lac.
1091 1139 1152 1196 51
1211 1150 1306 1206 14.

234 1224 518 1282 Sexuum
568 1221 918 1279 discrimen
960 1219 1306 1279 infirmita-

275 1308 361 1366 tis
406 1316 647 1386 partem
695 1324 875 1381 esse,
923 1303 1154 1365 Matth.
1200 1318 1300 1376 24:

277 1396 392 1453 30.
466 1391 617 1450 lura
682 1389 975 1467 aequalia
1021 1390 1117 1448 eis
1165 1410 1304 1450 esse

273 1474 485 1537 voluit
530 1473 868 1548 Christus,
916 1473 1056 1533 Gal.
1097 1478 1160 1537 5:
1212 1495 1307 1553 ¹9·

233 1561 306 1621 Si
350 1558 672 1639 particula
715 1557 1043 1618 interdum
1105 1557 1300 1619 vehe-

278 1654 524 1711 menter
573 1644 890 1717 affirmat,
934 1638 1105 1701 Phil.
1138 1664 1198 1705 21
1254 1658 1308 1702 1.’

237 1729 566 1809 Sibyllina
606 1726 875 1785 oracula
920 1738 1145 1787 vetera
1185 1729 1298 1788 eti-

276 1835 378 1873 am
423 1833 653 1873 versus
709 1810 987 1870 Graecos
1039 1811 1304 1872 Iudaeo·

272 1919 415 1958 rum
494 1895 800 1960 babuisse
868 1896 1223 1973 videntur,

276 1981 511 2045 M'atth.
554 2001 612 2043 21
665 1999 719 2039 1.

235 2070 343 2129 Sic
400 2068 664 2137 visum,
731 2062 939 2142 qualis
999 2064 1305 2144 loquendi

183 2222 190 2223 ἶ
276 2152 598 2224 formula,
649 2147 817 2227 Eph.
872 2167 921 2209 11
969 2151 1031 2208 5.
1141 2194 1146 2203 .

235 2238 474 2298 Sicarii
517 2235 780 2314 quinam
830 2232 1029 2307 dicti,
1080 2231 1310 2294 Matth.

279 2342 377 2396 271
432 2320 548 2391 16,
597 2322 744 2380 Act.
791 2325 889 2379 211
941 2321 1045 2391 58.

235 2407 508 2467 Siccitas
534 2404 788 2482 frugum
816 2402 1169 2483 deliquium
1194 2401 1306 2461 ad·-

275 2492 441 2566 fert,
484 2490 622 2576 lac.
662 2493 721 2550 5:
778 2490 873 2548 18.

238 2577 497 2638 Sichem
559 2575 737 2632 urbis
808 2573 998 2632 varia
1044 2573 1309 2633 nomina

276 2671 341 2722 et
385 2661 580 2733 situs,
638 2657 780 2718 1011.
824 2673 886 2726 4:
938 2661 998 2718 5.
1068 2657 1304 2719 Urbem

279 2766 421 2805 cum
470 2744 804 2805 territorio
857 2743 1126 2801 lacobus
1172 2743 1308 2820 ipse

277 2852 412 2890 non
440 2829 762 2910 possedit,
791 2827 1074 2895 1011.4:5.
1117 2826 1308 2885 Inco-

278 2920 378 2975 lae
399 2935 482 2975 ex
501 2914 760 2974 ludaeis
778 2914 859 2971 ob
876 2918 1143 2990 peccata
1163 2930 1308 2986 pro-

277 3000 446 3080 fugis
470 2999 861 3060 constabant
883 3039 900 3068 ‚
919 2994 1079 3053 Luc.
1103 3015 1191 3069 ¹7³
1219 2997 1310 3053 18.

240 3088 461 3147 Sicera
482 3084 637 3164 quid
664 3084 940 3153 dicatur,
967 3079 1120 3137 Luc.
1142 3082 1310 3138 1115.

242 3169 402 3232 sicli
430 3167 720 3249 argentei
749 3164 1016 3244 pre-tium
1034 3208 1052 3237 ,
1084 3161 1311 3221 Matth.

280 3255 379 3318 261
457 3257 552 3313 15.
643 3251 961 3311 Siclorum
1039 3248 1311 3329 triginta

278 3338 667 3399 vaticinium
751 3335 1091 3394 Ieremiam
1164 3352 1309 3391 auc-

278 3435 481 3484 torem
503 3421 699 3480 habet
713 3466 730 3494 ,
752 3418 1134 3480 Zachariam
1158 3438 1306 3477 con-

281 3514 678 3569 servatorem
705 3552 724 3583 ,
794 3505 1025 3565 Matth.
1091 3524 1189 3579 27:
1254 3523 1310 3581 9.

282 3592 477 3655 Siclis
516 3593 794 3669 quinque
827 3589 1312 3650 redimebantur

275 3676 701 3757 primogeniti
772 3684 899 3733 tam
965 3693 1307 3755 pauperum

1379 881 1803 957 Iscariotem,
1877 885 2110 946 Matth.
2185 904 2235 948 11
2308 906 2411 951 22.

1381 970 1579 1048 Signa
1625 968 1835 1028 minus
1878 970 2091 1030 solent
2136 972 2408 1052 fallere,

1378 1072 1567 1131 quam
1612 1049 1943 1112 hominum
2005 1056 2413 1136 testimonia,

1380 1140 1420 1198 3
1464 1134 1606 1196 loh.
1648 1156 1745 1196 12.
1824 1140 1870 1196 Α
1928 1140 2064 1198 Deo
2109 1142 2412 1207 instituta

1378 1239 1484 1279 res
1570 1240 1718 1279 suas
1785 1216 2031 1282 liabent.
2097 1228 2413 1309 comites,

1381 1306 1581 1381 Apoc.
1656 1324 1747 1366 101
1820 1325 1916 1367 10.
2044 1309 2174 1368 Sub
2243 1312 2413 1393 Lege

1383 1386 1712 1459 Christum
1740 1394 2097 1470 spectantia
2124 1395 2226 1453 vel
2259 1414 2417 1456 cou-

1379 1473 1601 1551 spicua
1664 1484 1850 1533 erant
1901 1477 2008 1535 vel
2058 1470 2417 1541 audieban-

1345 1567 1530 1630 tur,
1594 1556 1821 1617 Matth.
1869 1579 1921 1619 11
1972 1580 2071 1620 22.
2159 1565 2416 1643 Appro-

1383 1642 1781 1719 pinquantis·
1831 1640 2029 1724 Regni
2096 1647 2414 1725 Messiae,

1384 1724 1617 1789 Matth.
1654 1726 1757 1809 *162
1805 1730 1865 1789 3.
1954 1729 2073 1789 Dei
2114 1734 2415 1793 testantis

1380 1811 1827 1869 innocentiam
1873 1812 2061 1891 lesu,
2110 1814 2269 1875 Luc.
2311 1822 2412 1879 23:

1380 1898 1487 1966 48.
1562 1894 1806 1955 Christi
1852 1897 2135 1974 plurima
2170 1902 2418 1981 scripta

1382 1998 1518 2039 non
1554 1987 1744 2053 sunt,
1785 1978 1926 2041 loh.
1951 2002 2008 2059 7:
2039 1987 2140 2044 31.
2197 1986 2414 2066 Signis

1384 2062 1550 2143 aptis
1614 2065 2089 2145 praefiguratur
2135 2069 2416 2149 Spiritus
2504 2080 2508 2087 '

1384 2147 1615 2208 Sancti
1661 2148 1922 2225 missio,
1985 2150 2124 2211 Ioh.
2173 2174 2270 2215 221
2319 2172 2416 2216 22·

1384 2232 1602 2312 Signis
1649 2236 2032 2313 conspicuus
2071 2257 2175 2296 res
2211 2239 2421 2319 insig-

1383 2318 1601 2377 niores
1643 2317 1941 2379 indicare
1982 2321 2278 2382 solebant
2311 2324 2423 2383 Iu·-

1373 2401 1532 2462 ‘daei
1597 2412 1662 2462 et
1726 2413 1947 2483 gentes
2004 2406 2210 2481 aliae,
2264 2407 2423 2468 Luc.

1388 2506 1487 2549 221
1534 2487 1637 2568 56.
1730 2488 2202 2570 Exprimebant
2248 2493 2423 2551 anti-

1380 2573 1598 2653 quitus
1677 2574 2037 2636 Christiani
2108 2579 2419 2658 mysteria

1380 2657 1571 2718 verbi
1614 2658 1683 2718 111
1727 2659 1951 2719 officiis
1996 2659 2421 2723 Ecclesiasti-

1384 2742 1511 2818 cis,
1557 2744 1762 2804 Marc.
1799 2744 1859 2805 61
1905 2749 1999 2807 13.
2058 2747 2420 2826 Prophetae
2472 2778 2478 2797 ·

1383 2827 1618 2886 animis
1675 2828 2004 2888 hominum
2061 2832 2421 2912 infigebant

1382 2930 1499 2967 sua
1540 2909 1756 2985 dicta,
1804 2912 1944 2972 tob.
1985 2915 2044 2974 6:
2084 2919 2187 2976 53.
2275 2916 2422 2997 sig·
2462 2931 2468 2938 ‘

1383 2994 1487 3052 nis
1523 2993 1951 3056 Romanorum
1989 2998 2162 3055 affixi
2201 3001 2422 3079 clypei

1369 3098 1523 3137 rcum
1604 3078 1994 3157 imaginibus
2068 3081 2419 3144 Caesarum

1385 3163 1457 3221 in
1518 3163 1691 3221 Deos
1744 3163 2139 3239 relatorum,
2190 3166 2427 3228 Matth.

1389 3261 1488 3318 241
1548 3250 1646 3308 15.
1733 3247 1934 3328 Sjgna
1984 3246 2420 3312 Romanorum

1386 3343 1651 3412 propter
1749 3331 2065 3415 imagines
2152 3335 2421 3396 adorata

1384 3418 1585 3478 fuisse
1608 3462 1627 3493 ,
1668 3416 1898 3478 Matth.
1925 3433 2001 3490 24
2036 3423 2130 3480 15.
2175 3419 2420 3480 Vocari

1384 3500 1703 3588 βδέλυγμα
1727 3504 2125 3564 abominatio
2142 3549 2159 3578 ,
2182 3514 2248 3564 et
2271 3527 2418 3582 cur,

1385 3588 1550 3648 ibid.
1607 3582 2015 3648 Seditionum
2049 3609 2242 3649 causa
2269 3589 2423 3652 Bie-

1385 3673 1737 3752 rosolymis
1759 3717 1777 3747 ,
1823 3672 1985 3738 ibid.

278 3782 466 3841 quam
512 3759 832 3833 divitum,
897 3759 1073 3818 Luc..
1105 3777 1159 3818 21
1214 3760 1311 3821 25.
1348 3758 1616 3838 Signata
1692 3757 2025 3837 signorum
2093 3756 2421 3837 triplicia,

240 3847 447 3906 Sidon
491 3843 866 3923 propinqua
920 3845 1308 3913 Caesareae,
1387 3842 1622 3903 Matth.
1674 3859 1724 3901 11
1776 3862 1877 3902 22.

280 3934 426 3993 Act.
504 3948 603 4003 27:
684 3931 742 3988 3.

855 3928 1309 4006 Apostolorum
1348 3928 1519 3987 Silas
1588 3925 1798 3985 dictus
1855 3925 2013 3985 alias
2065 3925 2422 4004 Silvanus,

277 4011 844 4095 temporibus.sub
893 4012 1197 4070 Romanis
1245 4031 1309 4069 e·
1388 4015 1534 4073 Act.
1590 4014 1686 4071 151
1732 4019 1857 4085 21,
1916 4028 1954 4069 2
2003 4010 2151 4067 Cor.
2200 4030 2252 4071 1:
2307 4029 2420 4091 19,

275 4110 422 4179 rat,
486 4098 599 4159 sed
650 4117 793 4155 cum
843 4097 1067 4155 umbra
1113 4095 1309 4154 liber·
1394 4116 1417 4155 1
1463 4095 1695 4155 Thess.
1727 4113 1777 4155 11
1814 4115 1838 4155 1
1867 4139 1886 4170 ,
1933 4093 2227 4154 2Thess.
2260 4115 2310 4156 11
2349 4116 2372 4155 1
2400 4141 2420 4173 ,

275 4186 471 4259 tatis,
521 4185 666 4242 Act.
720 4201 812 4241 12:
864 4193 963 4240 20'.

1393 4201 1417 4239 1
1467 4181 1642 4241 Petr.
1682 4183 1740 4241 5:
1796 4194 1891 4240 12.
1955 4180 2155 4239 Silam
2200 4189 2265 4240 et
2308 4182 2427 4240 Ti-

238 4265 535 4350 Sigillum
617 4287 730 4347 per
799 4263 1309 4345 complexionem
1387 4265 1717 4325 motheum
1764 4285 1878 4324 cur
1926 4264 2160 4325 Paulus
2207 4287 2420 4325 secum

280 4354 809 4414 constitutionem
839 4351 1082 4432 regiam
1111 4349 1306 4428 signi·
1384 4351 1455 4409 in
1494 4350 1935 4410 Macedoniam
1968 4353 2419 4432 assumpserit,

276 4440 475 4512 11081,
523 4439 722 4518 Apum
768 4458 825 4517 71
877 4456 937 4499 2.

1392 4456 1416 4495 1
1472 4435 1699 4496 Thess.
1754 4457 1802 4495 11
1860 4455 1914 4494 1.

2316 4517 2419 4573 Si-

2281 242 2407 310 113
2530 244 2538 256 ·
