2779 5085
333 258 459 321 250

1163 224 1688 296 INDEX

357 384 555 479 ψη,
610 410 636 454 ι
684 362 836 455 coi.
879 394 940 455 se
984 409 1046 452 2.
1110 387 1389 450 virtuti.
1471 407 1510 454 2
1558 394 1710 455 cor.
1772 407 1832 467 4:
1888 411 1988 456 ιι.
2074 394 2127 456 A
2194 395 2335 456 neo
2385 395 2513 458 'ho-

363 480 666 556 amissio,
723 497 893 537 mors
943 474 1180 550 animi,
1234 474 1389 533 Luc.
1468 479 1626 538 mini
1658 480 1972 560 inspirata
1995 480 2377 556 est,loh.·5:
2402 484 2506 544 26.

365 569 459 625 153
503 576 603 636 24.
673 563 946 622 Virtutis
992 561 1189 642 magis
1234 559 1387 619 dare
1467 562 1695 623 Omnis
1740 564 1900 625 haec
1951 565 2170 625 brevis
2218 567 2507 625 aeterni-

352 649 736 711 beneficium
799 655 937 720 est,
986 664 1173 724 quam
1220 645 1388 703 acci·

351 754 545 816 pere,
593 736 739 793 Act.
784 749 882 791 20:
931 733 1032 792 35.
1102 727 1385 788 Virtutes

351 829 571 878 mutuo
660 817 944 899 gaudent
1028 815 1339 873 comitatu
1364 858 1382 889 ,

352 906 403 963 A
417 922 554 981 poc.
571 905 627 962 3:
650 923 706 962 2.
730 900 1140 961 Christianae
1152 908 1215 959 et
1233 897 1382 958 Phi-

315 982 725 1067 'lnsophicae
786 982 1104 1065 quomodo
1168 983 1383 1063 acqui-

348 1082 604 1143 rantur,
633 1069 792 1151 Eph.
817 1089 871 1129 2:
900 1089 962 1148 9.
1008 1066 1205 1127 Tanti
1235 1076 1384 1126 sunt

348 1156 739 1233 apudDeum
760 1154 1032 1215 virtutes
1059 1150 1379 1210 Christia-

350 1261 622 1312 norum,
686 1251 754 1297 ut
804 1237 1192 1316 Angelorum
1242 1237 1375 1294 vir-

347 1325 588 1382 tutibus
627 1329 1008 1402 sequenter,
1050 1320 1252 1398 Apoo.
1283 1338 1374 1396 173

351 1421 450 1476 14.
500 1407 781 1479 Virtutes
807 1404 1011 1466 exitio
1038 1412 1188 1463 sunt
1216 1403 1377 1463 viris

345 1490 535 1550 bonis
581 1492 754 1550 inter
805 1496 1098 1570 potentes
1136 1487 1374 1561 malos,

348 1576 555 1638 Marc.
590 1574 649 1635 63
694 1591 794 1635 20.
883 1572 1174 1631 Virtutes
1221 1592 1374 1630 uxo·

344 1679 489 1720 rum
527 1660 693 1718 viris
729 1656 1270 1718 commendabant
1303 1657 1376 1715 fi-

348 1744 491 1803 dem
532 1743 972 1803 Christianam
1006 1741 1184 1799 inter
1210 1739 1374 1801 Gen-

344 1837 483 1906 tes,
535 1849 557 1888 ι
607 1828 779 1888 Petr.
819 1832 877 1890 3:
929 1846 982 1885 1.
1049 1823 1374 1884 Virtutum

343 1923 411 1973 et
478 1910 786 1972 vitiorum
857 1909 1126 1973 nomina
1187 1910 1377 1969 modo

341 1995 634 2056 habitum
666 1997 1015 2071 denotant,
1049 1994 1240 2054 modo
1273 2015 1376 2053 ac-

346 2090 522 2155 tum,
561 2081 716 2141 Luc.
748 2102 845 2142 22:
883 2084 984 2142 32.
1053 2077 1374 2139 Virtutum

273 2192 278 2197 ·
342 2167 448 2226 vis
495 2186 570 2226 ea
612 2176 709 2225 est
751 2175 821 2224 ut
862 2182 1142 2224 amorem
1182 2165 1375 2222 etiam

348 2270 387 2308 a
450 2249 728 2327 disparis
782 2251 974 2309 vitae·
1004 2246 1375 2306 hominibus

346 2343 767 2413 extorqueat,
802 2338 946 2393 Act.
972 2353 1027 2393 2:
1056 2344 1161 2407 47.
1230 2331 1381 2391 Vir-

343 2427 549 2477 tutum
592 2418 1107 2478 Christianarum
1142 2436 1376 2495 genea-

343 2504 559 2583 logia,
624 2524 644 2563 1
689 2505 858 2564 Tim.
890 2504 1031 2563 135.
1102 2500 1200 2560 Ob
1240 2500 1376 2558 vir-

249 2681 258 2688 '
343 2671 581 2731 Paulus
619 2670 887 2728 maxime
918 2667 1372 2744 spernebatur,

343 2774 382 2815 2
409 2753 561 2812 Cor.
594 2771 686 2830 103
720 2770 774 2810 ι.
845 2752 1163 2809 Virtutum
1208 2750 1372 2809 coeli

344 2837 683 2896 concussio
702 2856 988 2915 magnam
1010 2855 1220 2896 rerum
1241 2855 1374 2893 mu-

343 2922 655 2981 tationem
694 2920 974 2997 indncat,
1017 2918 1245 2980 Matth.
1274 2933 1371 2989 243

344 3005 447 3085 29.
550 3005 916 3066 Virtutibus
988 3003 1375 3064 Christianis

346 3088 563 3149 danda
606 3111 843 3170 opera,
892 3109 916 3149 1
969 3090 1143 3149 Petr.
1182 3109 1238 3149 23
1280 3103 1379 3158 24.

342 3174 709 3234 Virtutibus
754 3195 884 3232 non
919 3174 1145 3254 opibus
1183 3174 1373 3233 debe·

342 3269 454 3318 tur
495 3260 735 3337 primus
777 3260 1003 3333 locus,
1053 3258 1182 3318 Iac.
1222 3278 1278 3318 2:
1320 3261 1378 3319 3.

305 3343 463 3402 Visa
497 3344 566 3401 in
605 3342 1003 3422 Apocalypsi
1031 3343 1111 3401 ab
1141 3341 1380 3401 lohan-

325 3449 426 3487 ne
482 3427 801 3505 quomodo
850 3426 1375 3506 distinguantur,

345 3514 546 3589 Apoc.
585 3524 651 3582 4.
742 3509 960 3569 Visum
1017 3522 1080 3571 et
1129 3520 1376 3592 specta-

345 3596 554 3654 culum
604 3595 921 3677 quomodo
971 3593 1233 3656 differre
1278 3595 1374 3655 di·

348 3689 620 3756 cantur,
672 3679 904 3742 Matth.
952 3699 1005 3741 1:
1055 3699 1155 3741 20.

297 3729 485 3826 ‘Visio
548 3766 624 3826 fit
687 3764 1062 3844 receptione
1108 3765 1269 3825 lucis
1314 3774 1381 3826 et

345 3850 742 3927 specierum,
780 3849 922 3911 Ioh.
961 3869 1055 3910 103
1108 3869 1203 3910 ιο.
1262 3849 1379 3909 Vi-

345 3936 444 3993 sio
487 3936 572 3994 ad
619 3935 893 3995 Romani
938 3934 1199 4015 Imperii
1249 3942 1380 3995 ter-

344 4040 452 4078 ras
524 4040 747 4079 omnes
789 4040 896 4087 ‚se
953 4019 1333 4080 'extendens
1359 4061 1378 4092 ,

324 4108 550 4179 ‹Apoc.
605 4107 697 4166 13:
755 4122 807 4162 1.

301 4189 456 4250 Vita
520 4187 814 4265 corporis
880 4183 1179 4262 animus,
1241 4187 1380 4246 vita

908 4269 1067 4329 Luc.
1135 4274 1227 4333 153
1282 4283 1381 4340 24.

348 4272 549 4331 animi
617 4274 789 4330 Deus
817 4313 835 4344 ‚

347 4357 496 4417 vita
565 4356 770 4417 omnis
838 4354 969 4415 v'im
1032 4356 1263 4436 agendi
1310 4356 1380 4413 in

1464 648 1582 705 tati
1606 659 1983 730 comparata
2010 691 2029 722 ,
2067 668 2085 707 1
2122 650 2294 709 Petr.
2313 652 2375 711 5:
2409 670 2504 711 10.

1466 730 1768 792 Omnium
1812 734 2128 793 bonorum
2192 752 2505 813 corpora-

1464 816 1621 875 lium
1649 818 2238 897 praestantissima,
2270 817 2504 879 Matth.
2534 828 2537 833 ⁴

1470 900 1564 961 16:
1612 901 1731 976 26,
1796 902 1937 969 Ioh.
1991 906 2083 963 153
2148 906 2243 963 13.
2332 905 2503 963 Data

1461 994 1561 1044 est
1601 986 1842 1045 utenda
1870 990 2115 1046 tantu'm
2140 1031 2158 1062 ,
2211 986 2369 1046 Luc.
2405 1007 2497 1050 123

1464 1085 1565 1128 20.
1657 1071 1840 1131 Mora
1880 1080 1980 1130 est
2025 1072 2092 1130 in
2137 1071 2354 1131 alieno
2397 1092 2505 1131 so·-

1460 1152 1558 1227 lo,
1607 1152 1808 1214 Hebr.
1843 1174 1934 1215 11:
1972 1158 2066 1216 13.
2154 1155 2288 1215 Cur
2322 1176 2501 1215 com-

1458 1246 1719 1317 paretur
1803 1238 2083 1318 vapori,
2166 1239 2343 1309 fumo
2424 1261 2498 1299 ac

1458 1321 1769 1398 umbrae,
1855 1324 1987 1383 lac.
2051 1339 2113 1395 43
2188 1337 2286 1394 14.
2399 1323 2503 1386 Ad

1459 1414 1728 1466 mortem
1801 1407 2025 1483 ducit,
2111 1406 2252 1468 [oh.
2317 1410 2375 1468 3:
2437 1409 2501 1469 6.

1462 1488 1840 1550 Christiana
1886 1492 2100 1551 cursui
2157 1512 2500 1571 compara-

1456 1583 1562 1632 tur
1631 1585 1697 1635 et
1758 1576 2016 1655 labori,
2083 1576 2225 1634 Gal.
2287 1590 2347 1646 43
2409 1592 2507 1656 7,·

1460 1656 1659 1718 Hebr.
1710 1677 1804 1720 12:
1857 1678 1953 1719 12.
2040 1657 2185 1720 Non
2229 1660 2500 1720 iuvatur

1457 1763 1578 1802 nec
1655 1743 1862 1804 tutior
1935 1753 2031 1804 est
2098 1765 2213 1824 per
2280 1764 2498 1804 rerum

1456 1820 1750 1907 copiim,
1822 1829 1981 1889 Luc.
2055 1848 2149 1889 123
2224 1830 2342 1904 15,
2393 1829 2497 1888 26.

1464 1910 1610 1971 Vita
1635 1914 1985 1972 secundum
2012 1911 2318 1972 virtutem
2349 1922 2498 1972 acta

1459 1996 1718 2056 dulcior
1742 2008 1838 2056 est
1860 1998 2327 2057 consuetudine
2350 2014 2499 2076 pec-

1460 2082 1654 2140 candi
1682 2126 1700 2156 ,
1751 2078 1984 2142 Matth.
2032 2074 2125 2142 113
2173 2086 2276 2143 30.
2344 2081 2497 2140 Vita

1454 2164 1524 2223 in
1592 2165 1727 2225 dies
1791 2166 2016 2246 purior
2078 2166 2492 2243 sanctificat,

1455 2247 1600 2309 Ioh.
1666 2269 1761 2325 17:
1840 2269 1935 2329 19.
2043 2249 2195 2308 Vita
2264 2259 2491 2326 recta,

1455 2353 1643 2412 quam
1674 2333 1843 2393 dono
1883 2332 2005 2393 Dei
2040 2334 2492 2413 adipiscimur,

1457 2437 1668 2476 secum
1738 2417 1944 2474 trahit
2001 2426 2327 2476 aeternam
2391 2417 2499 2474 vi-

1453 2509 1584 2558 tam
1654 2519 1730 2558 ac
1794 2499 2220 2577 felicitatem,
2312 2499 2497 2560 Rom.

1455 2587 1521 2643 53
1573 2603 1686 2662 17,
1733 2583 1792 2644 63
1846 2604 1942 2644 22.
2008 2584 2158 2644 Vita
2205 2594 2268 2645 et
2317 2605 2490 2645 mors

1451 2667 1520 2724 in
1574 2687 1766 2725 manu
1816 2669 2121 2749 linguae,
2171 2668 2303 2729 Iac.
2345 2673 2496 2749 339.

1454 2750 1641 2811 Vitae
1704 2754 1965 2812 nomine
2023 2753 2326 2833 gaudium
2373 2775 2496 2813 vo-

1454 2843 1609 2894 cant
1655 2834 1975 2914 Hebraei,
2029 2837 2210 2897 Rom.
2247 2857 2341 2898 113
2380 2840 2491 2914 15,

1456 2921 1659 2999 Apoc.
1705 2938 1802 2983 113
1850 2939 1950 2983 11.
2042 2920 2231 2983 Vitae
2274 2942 2496 2981 emen-

1456 3005 1709 3066 dandae
1754 3006 2098 3086 promissio
2143 3006 2495 3086 praecede-

1455 3090 1564 3148 bat
1599 3090 1804 3171 ipsam
1833 3091 1984 3152 fidei
2024 3091 2490 3169 professionem

1456 3174 1622 3253 apud
1652 3174 1949 3251 Veteres,
2005 3173 2234 3248 Matlh.
2262 3178 2359 3235 28:
2396 3174 2515 3254 19.“

1454 3257 1645 3319 Vitae
1690 3261 2236 3341 contemplativae
2276 3268 2341 3318 et
2384 3279 2496 3317 ac·-

1454 3343 1630 3403 tivae
1679 3346 2011 3423 exempla,
2062 3343 2218 3403 Luc.
2264 3353 2495 3413 10342.

1451 3426 1644 3488 Vitae
1718 3428 2001 3488 fabulam
2072 3428 2227 3507 quid
2295 3433 2494 3488 vocet

1458 3511 1821 3587 Martialis,
1876 3513 2056 3572 Rom.
2106 3528 2158 3573 1:
2211 3516 2314 3574 30.
2374 3511 2495 3569 ··Vi-

1453 3595 1666 3655 Vitam
1713 3597 2099 3676 longaevam
2153 3595 2492 3677 promitte·
2562 3646 2564 3652 ,

1453 3682 1568 3740 bat
1628 3682 1838 3761 legum
1896 3681 2331 3741 Mosaicarum
2377 3699 2496 3740 ex·-

1456 3773 1602 3824 acta
1648 3766 2116 3843 observantia,
2179 3765 2338 3825 Luc.
2391 3781 2489 3826 103

1457 3852 1558 3909 25.
1606 3850 1937 3910 Meliorem
1973 3849 2100 3909 hac
2131 3871 2317 3930 posse
2345 3847 2492 3908 dari

1452 3935 1626 3994 unde
1688 3935 1911 4015 colligi
1972 3935 2220 4015 possit,
2291 3932 2493 3993 Hebr.

1463 4032 1560 4080 113
1608 4021 1670 4079 5.
1755 4017 2327 4080 Pretiosambanc
2374 4015 2495 4074 ha-

1454 4103 1610 4162 bere
1649 4105 1790 4182 quis
1839 4105 2099 4165 dicatur
2137 4100 2304 4182 apud
2361 4098 2494 4159 He-

1454 4186 1685 4245 braeos
1712 4233 1733 4267 ,
1783 4187 1928 4248 Act.
1971 4206 2069 4248 20:
2112 4200 2212 4257 24.
2272 4184 2492 4244 Vitam
2614 4205 2618 4211 ·

1459 4290 1701 4350 ponere
1761 4272 1832 4331 in
1902 4291 2092 4331 manu
2155 4291 2269 4330 suo
2331 4269 2492 4349 quid.

1461 4355 1783 4435 significet
1819 4355 2128 4417 Hebraeis
2150 4397 2171 4431 ,
2217 4353 2359 4415 loh.
2391 4370 2490 4414 103

345 4462 412 4503 se
478 4439 815 4516 continet,
888 4437 1069 4501 Rom.
1129 4443 1191 4503 53
1262 4457 1376 4516 10,
1467 4455 1566 4502 11.
1649 4438 1871 4502 Vitam
1933 4440 2251 4519 reddere,
2318 4439 2529 4498 inter·

2357 4521 2513 4590 ,exi-
