2779 5085
405 394 657 481 tizandi
704 399 916 457 vestes
977 394 1431 477 deponebant,
1509 401 1698 454 recte
1749 386 2038 457 adscribi
2102 408 2360 483 potest,

402 473 470 546 et
512 493 657 568 post
702 482 1084 563 baptismum
1152 500 1426 540 xesnme-
1513 478 1709 538 Hebr.
1746 480 2048 581 inscrip.

397 571 593 645 baut,
640 567 1029 645 Ερ1ι.4;2’2.
1084 563 1426 646 Baptizan-
1465 563 1829 640 Barsabas,
1875 566 2106 645 idest,
2150 569 2323 639 filius
2353 556 2542 633 iura·-

403 656 501 715 dis
553 647 1125 712 commendabitur
1165 651 1322 709 fides
1369 660 1431 710 et
1506 647 1739 724 menti,
1789 651 1935 710 Act.
1986 670 2039 719 1:
2087 658 2196 729 23·
2242 656 2404 714 alio
2397 664 2543 716 no-

395 740 795 822 propositum
823 736 998 793 vitae
1033 736 1426 793 emendatio·
1504 734 1677 791 mine
1734 733 1944 795 Iustus
2011 737 2264 813 dictus,
2333 741 2543 801 Marc.

395 825 533 898 ris,
578 822 810 882 Manu.
856 822 952 879 28:
1008 836 1102 898 19.
1501 815 1710 896 praef.
1810 817 2136 882 Barsabae
2208 844 2538 885 venenum

359 906 685 985 Baptizati
756 910 1068 962 memores
1132 920 1269 962 esse
1320 903 1430 962 ‹le-
1503 922 1636 960 non
1681 904 1947 981 nocuit,
1995 907 2199 971 Marc.
2251 906 2342 970 16:
2398 910 2494 969 18.

396 995 553 1053 bent
597 990 731 1048 eins
779 987 949 1067 quod
997 989 1428 1066 promiserunt
1465 984 1724 1044 Baruch
1806 997 1872 1048 et
1939 989 2290 1051 Bai-achias
2356 990 2536 1054 idern

396 1086 463 1136 et
510 1081 939 1155 acceperunt,
991 1070 1192 1130 Hebr.
1240 1073 1300 1130 6.
1351 1093 1428 1147 2,
1503 1090 1777 1147 nomeu,
1824 1073 2057 1134 Matth.
2104 1080 2202 1137 23:
2253 1079 2353 1138 25.

396 1160 635 1223 2Petr.
667 1177 717 1216 1:
748 1178 808 1236 9.
876 1152 1116 1216 Eodem
1161 1159 1428 1215 lavacro
1463 1154 1746 1213 Basilica
1787 1159 2010 1237 templi
2066 1161 2316 1221 coelum
2363 1146 2542 1222 side-

393 1243 664 1304 ulterius
710 1250 840 1301 nou
890 1251 1116 1321 egent,
1156 1239 1297 1302 loh.
1332 1245 1424 1301 13:
1500 1259 1680 1297 reum
1709 1241 2106 1322 designabat,
2136 1243 2334 1305 Hebr.
2354 1260 2413 1317 4:
2439 1258 2541 1321 14.

382 1346 502 1388 10.
587 1327 908 1406 Baptizati
976 1326 1230 1405 quidam
1283 1327 1426 1385 vice
1461 1323 1768 1384 Basilidis
1829 1338 2219 1388 sectatorum
2270 1340 2541 1390 senten-

396 1433 470 1472 ac
514 1413 777 1471 nomine
844 1416 1236 1469 mortuorum
1302 1411 1421 1469 Ca·
1499 1409 1593 1465 tia
1641 1409 1719 1469 de
1767 1409 1988 1471 Natali
2025 1414 2319 1511 Domini,
2370 1404 2537 1517 Luc.

393 1498 922 1557 techumenorum
975 1515 1130 1568 cur,
1196 1515 1214 1553 1
1277 1495 1427 1553 Cor.
1501 1512 1558 1552 2;
1608 1495 1670 1552 8.

403 1586 651 1661 15:29.
719 1579 1053 1658 Baptizata
1098 1579 1250 1637 olim
1288 1581 1420 1659 qui-
1461 1561 2076 1660 Battologiavitium
2101 1580 2537 1677 ΕιΙιιιίοἱέῙιο-

390 1667 660 1727 busdam
707 1664 776 1722 in
820 1664 983 1723 locis
1032 1661 1423 1723 mortuorum
1499 1662 1626 1719 tius
1664 1685 1850 1741 quam
1889 1665 2142 1726 Iudaeis
2167 1664 2535 1767 familiare,

393 1771 708 1830 corpora,
764 1769 786 1807 1
840 1747 993 1808 Cor.
1045 1751 1138 1809 15.
1191 1767 1289 1827 29.
1501 1746 1733 1806 Matth.
1778 1749 1838 1809 6.
1889 1769 1949 1827 7.

352 1833 711 1896 Barachiae
778 1840 842 1891 et
906 1832 1170 1893 loiadae
1218 1832 1427 1890 nomi·
1463 1829 1658 1890 Batus
1705 1833 1965 1913 quidam
2011 1834 2083 1895 in
2127 1835 2404 1896 deserto
2425 1836 2538 1898 vi·-

388 1920 545 1978 num
653 1915 875 1978 eadem
985 1917 1424 1997 significatio,
1498 1935 1701 1991 vens,
1751 1916 1911 1979 Luc.
1957 1923 2016 1981 3.
2064 1939 2124 1980 2·

390 2002 627 2065 Matth.
674 2007 773 2067 23:
824 2003 927 2062 35.
1458 1998 1690 2058 Beatus
1734 2010 1832 2061 est
1876 2012 2122 2061 amator
2159 2002 2336 2078 veri,
2363 2002 2534 2064 1011.

350 2087 630 2149 Barbari
696 2085 955 2145 Graecis
1012 2104 1231 2144 omnes
1290 2084 1423 2142 lin·
1504 2101 1555 2141 ι.
1603 2096 1706 2159 47.
1787 2082 2025 2145 Beatus
2072 2085 2180 2164 qui
2234 2087 2532 2150 adversis

389 2170 552 2254 gna'e
592 2172 883 2230 Graecae
945 2168 1205 2249 i'gnari,
1276 2168 1424 2229 Act.
1497 2166 1917 2246 exploratur,
2006 2168 2214 2229 Hebr.
2271 2192 2329 2232 2.
2405 2170 2530 2252 ιο,

388 2260 494 2318 28:
542 2276 627 2330 2,
681 2273 704 2311 ι
759 2254 908 2311 Cor.
958 2267 1051 2323 14:
1106 2272 1228 2329 11,
1281 2251 1734 2314 Col.1ac.1:
1791 2271 1886 2317 12.
1975 2253 2162 2314 Beati
2217 2252 2534 2337 dicuntur

390 2344 452 2401 3:
503 2358 597 2396 ιι.
664 2337 986 2396 Barbaros
1025 2338 1420 2414 credidisse,
1496 2335 1832 2398 credentes
1860 2338 2122 2400 Divinis
2154 2338 2529 2421 promissis,

388 2444 528 2484 esse
586 2421 836 2481 Numen
904 2432 967 2479 et
1031 2423 1239 2481 nostri
1313 2434 1419 2480 cu·
1500 2420 1759 2480 Luc-.1:
1804 2425 1960 2493 45.

385 2528 524 2569 ram
576 2524 839 2590 gere1·,e
891 2503 1090 2570 Hebr.
1139 2526 1233 2567 ιι.
1281 2506 1355 2566 6.
1456 2503 1798 2578 Beatitudo
1843 2516 2107 2568 aeterna
2146 2509 2226 2569 in
2253 2524 2377 2588 quo
2403 2509 2531 2571 sita

349 2592 849 2655 Bau-chochebas
896 2591 1096 2652 falsus
1152 2591 1421 2651 Messias
1495 2590 1623 2665 sit,
1679 2591 1851 2664 Luc.
1903 2612 1997 2654 ιιι
2049 2595 2152 2653 28.
2226 2594 2535 2654 ‘Beatitu-

390 2686 456 2737 et
520 2677 879 2756 impostor,
950 2674 1181 2737 Matth.
1227 2695 1284 2735 2·
1342 2694 1393 2733 ι·
1399 2718 1419 2751 ,
1461 2673 1683 2744 ‚dinis
1715 2695 1864 2755 pars
1912 2685 2049 2754 est,
2105 2677 2343 2738 amicos
2393 2680 2531 2740 eius

382 2771 449 2843 '92
496 2774 582 2838 4,
651 2775 752 2831 24:
804 2761 924 2833 24,
996 2759 1136 2824 Ioh.
1182 2761 1255 2819 5:'
1292 2762 1420 2833 43,
1492 2757 1735 2819 habere
1779 2768 2023 2835 testes,
2087 2760 2529 2843 1011.17;2’4’.

393 2845 596 2906 11011.
634 2864 693 2905 2:
737 2848 830 2905 18.
916 2843 1105 2904 Titio
1133 2865 1275 2902 non·
1298 2842 1424 2902 fuit
1455 2842 1816 2903 Beelzebub
1885 2805 2060 2906 mule
2128 2848 2223 2907 sic
2273 2835 2533 2926 (licina,

388 2930 689 2989 obsessus
809 2929 922 2988 sed
1027 2928 1370 3008 Bargioras
1400 2972 1423 3003 ,
1496 2935 1561 2986 et
1615 2948 1732 2987 cur
1779 2931 2182 2992 Daemonnm
2227 2932 2529 3013 princeps

385 3015 620 3079 Matth.
646 3027 745 3084 24.
776 3029 874 3082 24.
886 3011 1422 3073 Barchochebae
1495 3013 1900 3092 appelletur,
1963 3015 2195 3076 Matth'.
2261 3034 2355 3074 10.
2425 3019 2533 3076 25.

383 3101 588 3160 factio
660 3101 729 3157 in
798 3099 1037 3158 Iudaea
1085 3107 1312 3179 potens
1358 3106 1423 3156 et
1495 3094 1858 3157 Beelzebub
1894 3109 2169 3160 vocatur
2208 3098 2292 3158 ab
2323 3098 2533 3158 hosti-

384 3182 785 3244 Christianis
840 3184 1146 3257 inimica,
1217 3183 1423 3260 Apoc.
1495 3181 1612 3240 bus
1636 3184 1766 3242 suis
1792 3181 2112 3257 Christus,
2134 3183 2337 3243 Marc.
2352 3181 2409 3245 3:
2429 3205 2533 3246 22.

393 3288 489 3327 11:
515 3289 574 3334 7.
606 3266 1108 3326 Barchochebae
1132 3267 1421 3325 dictilu·
1455 3264 1665 3324 Belial
1708 3268 1864 3348 quid
1901 3267 2263 3349 significet,
2308 3265 2535 3380 nssor.

386 3352 566 3410 daeis
615 3371 834 3409 omnes
884 3350 1417 3425 PseudOchristi,
1495 3348 1553 3408 6:
1608 3353 1703 3411 15.

384 3433 622 3498 Matth.
669 3429 767 3503 24.
821 3447 920 3502 24.
1454 3432 1703 3493 Bellum
1735 3436 2190 3517 cupiditatum,
2220 3438 2354 3497 Iac.
2378 3449 2438 3506 4:
2476 3456 2534 3496 ι.

341 3520 678 3581 Barnabas
722 3517 1064 3596 Apostolus
1103 3537 1421 3599 supernu-
1495 3518 1782 3597 Bellum,
1824 3521 2021 3580 fames
2058 3530 2122 3581 et
2147 3521 2529 3600 pestilentia

382 3604 745 3675 merarius,
819 3603 1018 3680 Apoc.
1094 3620 1168 3662 12
1240 3623 1314 3678 13
1384 3622 1421 3660 a
1496 3606 1867 3685 plerumque
1929 3626 1994 3664 se
2049 3613 2271 3665 'mutuo
2330 3606 2534 3665 comi*-

383 3683 647 3749 Graecis
716 3685 1065 3772 Apostolus
1104 3687 1420 3747 ‘decimus
1487 3697 1749 3763 tantur,
1798 3690 1998 3767 Apoc.
2043 3689 2105 3750 6:
2151 3708 2208 3749 2.
2278 3689 2529 3750 Bellum

384 3784 649 3852 quartus
686 3779 999 3845 vocatur,
1064 3771 1208 3830 Gal.
1253 3793 1309 3832 2:
1360 3793 1423 3851 9.
1494 3773 1564 3831 in
1624 3772 1946 3832 Barbaros
2005 3784 2280 3833 venatus
2327 3794 2527 3854 genus

1137 202 1834 327 ‘iwnssx⁸

2403 404 2538 466 Aa

224 2134 265 2165 η

384 3855 542 3917 Eius
589 3869 825 3917 nomen
867 3855 1021 3934 quid
1056 3855 1419 3937 significet,

385 3945 537 4003 Act.
596 3954 658 4010 4:
709 3946 808 4019 37.
894 3941 1077 4000 Pauli

382 4045 559 4098 mes,
611 4043 636 4082 1
672 4025 1008 4104 Cor.9:·6.
1056 4025 1421 4086 Barnabam

385 4110 652 4170 divitem
696 4110 895 4168 fuisse
932 4110 1102 4169 unde
1132 4117 1418 4184 constet,

385 4196 535 4254 Act.
576 4206 638 4262 4:
685 4207 786 4272 47.
867 4192 1210 4254 Barnabae
1252 4194 1421 4274 epis-

382 4280 520 4337 tola
591 4298 675 4335 an
746 4278 831 4334 sit
867 4279 1230 4358 genuina,
1304 4277 1421 4338 'Ad

385 4361 591 4426 Hebr.
675 4362 974 4442 inscript.
1083 4361 1421 4421 Barnabae

387 4470 540 4530 pars
586 4446 901 4529 epistolae
951 4446 1031 4507 ad
1093 4444 1418 4508 Hebraeos

1137 3941 1249 4000 diu
1314 3957 1422 3999 co·
1455 4005 1456 4008 Ἴ

1496 3858 1838 3916 secundum
1871 3858 2284 3918 Aristotelem
2302 3903 2320 3932 ‚
2347 3857 2529 3917 Rom.

1502 3961 1556 4000 ιε
1605 3945 1705 4002 32.
1793 3940 2047 4002 Bellum
2098 3964 2210 4020 pro
2266 3955 2527 4022 pugna,

1496 4026 1699 4104 Apoc.
1749 4039 1841 4085 12:
1871 4047 1930 4106 7.
1987 4027 2233 4086 Bellum
2270 4027 2533 4105 quando

1493 4110 1741 4169 licitum
1802 4120 1867 4170 et
1923 4112 2151 4190 quibus
2202 4111 2526 4169 conditio-

1494 4194 1732 4270 nibus„
1779 4195 2011 4260 Matth.
2056 4200 2118 4256 5:
2164 4210 2267 4266 4ο.
2341 4191 2528 4254 Bello

1496 4289 1720 4358 captus
1770 4280 2086 4360 capientis
2134 4280 2209 4338 fit
2256 4283 2531 4355 servus,
2605 4319 2608 4322 Ἴ

1496 4361 1679 4423 Rom.
1725 4385 1783 4443 7:
1835 4369 1935 4425 23.
2004 4363 2191 4421 Bello
2242 4363 2414 4458 021)ιί
2458 4364 2530 4424 in

1494 4449 1786 4528 pericula
1823 4447 2146 4527 naufragii
2178 4459 2364 4529 saepe
2377 4453 2535 4508 tru-

2442 4531 2634 4589 ci-·'
