2779 5085
426 214 507 293 96

1254 209 1528 272 1Nn
1605 203 1774 277 EX

455 384 597 444 tur,
646 370 829 431 Rom.
858 382 952 442 14·
989 386 1087 449 19.
1145 370 1479 442 Quomodo
1553 369 1867 448 digestio,
1917 365 2108 428 Hebr.
2139 380 2206 442 4:
2252 388 2319 431 2.
2389 363 2622 431 Corda

459 457 631 515 desti
638 465 863 530 natur,
915 456 1077 513 ibid.

1165 454 1477 515 Fidelium
1550 463 1817 533 purgat,
1875 454 2050 512 Rom.
2091 470 2142 515 1:
2196 471 2323 533 17,
2378 459 2438 516 3:
2489 464 2613 530 2⁹5,

450 549 668 598 coetus
710 538 1078 599 honorandi
1113 540 1474 621 diligendo,
1554 553 1648 597 10:
1694 559 1772 617 9,
1821 536 2019 597 Hebr.
2060 560 2117 618 9·
2172 554 2300 614 14,
2358 519 2500 599 lac.
2548 560 2613 600 2:

452 626 766 683 1Ρο11.2;
806 642 899 701 17.
962 621 1277 685 Fidelium
1309 627 1474 686 mala
1552 635 1649 692 14.
1710 622 1865 680 Cum
1899 622 2084 682 bonis
2116 624 2355 683 verbis
2390 624 2614 684 solum

447 711 530 768 ad
566 709 761 767 breve
799 717 1042 788 tempus
1079 718 1327 768 tantum
1356 712 1472 769 du·-

440 802 637 867 rant,
703 791 902 851 Hebr.
953 810 1046 852 10:
1098 797 1197 870 37.
1284 793 1471 855 Fide-

439 876 612 935 libus
652 878 947 939 omnibus
986 879 1322 939 consulere
1360 881 1472 940 de-

441 961 700 1030 bemus,
753 961 889 1019 Gal.
933 962 989 1020 6:
1043 979 1139 1021 10.

399 1041 586 1107 Fides
636 1044 989 1121 Abrahami
1034 1045 1466 1125 Euangelicae·

1545 726 1664 764 nec
1692 708 1838 766 aliis
1860 728 1975 766 nec
1998 706 2273 768 habenti
2297 707 2614 788 prodest,

1543 790 1676 849 Iac.
1701 810 1756 850 2:
1796 809 1890 869 17.
1958 789 2143 852 Fides
2179 793 2266 851 de
2296 793 2610 888 pptentia

1545 876 1698 949 Dei,
1727 884 1796 933 ut
1836 884 1934 934 est
1972 877 2235 936 initium
2287 877 2607 973 pietatis,

1541 960 1629 1016 ita
1654 960 1974 1019 considere
1998 962 2119 1019 Dei
2148 961 2505 1043 potentiae
2531 961 2605 1021 in

1541 1042 1804 1101 Christo
1830 1046 2222 1123 principium
2243 1054 2348 1105 est
2366 1044 2610 1104 Chris-

437 1148 716 1207 suppai·,
766 1126 958 1186 Hebr.
991 1146 1216 1207 11:19.
1278 1128 1464 1189 Fides
1538 1130 1753 1186 tianae
1781 1128 2159 1208 Religionis,
2184 1128 2439 1191 Matth.
2453 1133 2518 1189 8·
2542 1148 2603 1187 2.

432 1232 744 1291 quaenam
811 1208 1012 1273 maior
1071 1214 1195 1272 side
1256 1216 1463 1273 Abra·
1539 1209 1726 1270 Fides
1789 1214 1982 1271 efficit
2039 1216 2467 1277 sanctitatem
2532 1223 2601 1273 et

431 1294 655 1367 hami,
725 1295 898 1360 Rom
943 1313 1002 1367 4.
1057 1312 1154 1367 24.

1244 1297 1459 1358 Fidem
1534 1295 1841 1355 iustitiam
1890 1298 2075 1356 illam
2132 1301 2234 1356 cui
2289 1300 2438 1357 vita
2485 1318 2600 1358 ae·

429 1380 503 1439 in
554 1378 922 1439 Abrahamo
975 1403 1088 1440 cur
1143 1384 1316 1442 Deus
1357 1403 1460 1442 re·
1537 1389 1723 1439 terna
1758 1384 2198 1460 promittitur,
2234 1381 2455 1443 Hebr.
2487 1398 2590 1444 11:

427 1463 758 1543 spexerit,
808 1464 986 1523 Rom.
1010 1480 1069 1536 4:
1123 1466 1224 1526 16.
1270 1465 1458 1526 Fides
1540 1481 1594 1523 1.
1672 1464 1787 1525 Est
1833 1476 1901 1523 ut
1945 1468 2176 1542 navis,
2224 1468 2396 1526 vita
2425 1487 2596 1544 pura

429 1547 953 1609 Patriarcharum
990 1551 1197 1628 qualis
1227 1550 1458 1626 suerit,
1530 1556 1602 1606 ut
1669 1550 2214 1628 gubernaculum,
2306 1568 2335 1611 1
2414 1545 2595 1611 Tim.

432 1631 615 1691 Rom.
644 1636 700 1691 3.
728 1652 828 1692 22.
895 1630 1079 1692 Fides
1110 1635 1285 1695 Petri
1313 1656 1452 1694 cum
1536 1649 1720 1712 1:19.
1768 1632 2104 1694 Hominem
2143 1636 2396 1695 iustum
2432 1637 2597 1696 ied-

431 1716 758 1790 Christum
804 1728 1107 1797 negaret,
1156 1741 1238 1778 an
1265 1721 1457 1795 plane
1529 1717 1672 1794 dit,

427 1801 778 1875 defecerit,
807 1802 963 1860 Luc.
985 1823 1083 1864 22:
1114 1807 1214 1867 32.
1264 1802 1454 1864 Fides
1529 1820 1588 1860 2:
1658 1804 1790 1862 21.‘

424 1884 884 1945 miraculorum
937 1908 1070 1946 non
1125 1891 1450 1965 cessavit,

422 1970 625 2030 Marc.
677 1969 769 2029 16:
824 1988 920 2046 17.

1739 1739 1937 1797 opera
2000 1720 2393 1796 iustiorem,
2446 1721 2589 1781 Iac.

1847 1803 2110 1862 Initium
2173 1806 2364 1867 vitae
2430 1815 2583 1884 est,

1526 1886 1674 1945 finis
1737 1908 1895 1947 vero
1947 1887 2275 1965 charitas,
2332 1906 2359 1950 1
2419 1890 2583 1950 Cor.

1533 1975 1628 2031 13:
1683 1977 1780 2033 13.

386 2051 572 2113 Fides
620 2055 774 2131 quid
798 2077 867 2113 re
895 2056 1031 2134 ipsa
1069 2058 1153 2115 sit
1185 2056 1253 2113 in
1281 2057 1446 2134 epis·
1486 2052 1669 2112 Fides
1738 2056 1821 2115 ad
1869 2055 2182 2114 iustitiam
2226 2057 2576 2129 internam

424 2140 572 2196 tolis
622 2138 953 2214 Paulinis,
1025 2141 1201 2199 Rom.
1247 2141 1451 2218 prael.
1524 2140 1665 2196 sine
1710 2139 1936 2197 labore
1987 2139 2226 2214 ducit,
2259 2135 2458 2201 Rom.
2514 2159 2574 2204 1:

423 2221 1444 2302 Fidesprimaciedulitatisquae-

422 2327 568 2364 nam
620 2307 746 2377 sit,
795 2297 1024 2364 Manli.
1071 2310 1168 2366 28·
1225 2324 1321 2386 19.

378 2388 564 2450 Fides
627 2387 1017 2468 Euangelica
1071 2412 1185 2469 per
1234 2391 1444 2450 crucis

417 2472 831 2533 tolerantiam
897 2474 1381 2549 demonstrata,

416 2558 619 2618 Hebr.
669 2574 764 2617 11:
813 2562 913 2618 25.
983 2559 1168 2619 Fides
1219 2559 1450 2618 Chris«

411 2644 591 2700 tiana
635 2642 860 2720 quibus
907 2644 1295 2723 argumentis
1342 2645 1443 2702 in-

413 2726 699 2802 nitatur,
739 2726 969 2785 Matth.
994 2749 1051 2806 9:
1083 2748 1203 2805 22,
1241 2730 1442 2805 Apoc.

409 2828 513 2871 21:
591 2825 687 2880 14.
789 2811 1140 2891 Praecipue
1211 2814 1442 2873 nititur

408 2905 614 2955 morte
634 2903 700 2953 et
716 2898 1190 2956 resurrectione
1215 2896 1436 2957 Chris·

407 2981 459 3039 ti
485 3026 502 3053 ‚
534 2979 733 3039 ''Rom.
770 2982 828 3040 5:
870 2980 948 3055 6,
1002 2980 1199 3041 Hebr.
1239 3003 1296 3061 9:
1344 2997 1439 3052 14.

414 3066 544 3125 Cur
586 3085 715 3123 non
762 3064 1059 3124 debuerit
1091 3067 1261 3125 tradi
1291 3061 1437 3126 vei·-

407 3150 509 3210 bis
578 3147 850 3209 eruditis
914 3158 981 3210 et
1027 3151 1436 3225 artificiosis,

414 3253 441 3295 1
522 3234 799 3294 Cor-1.
877 3250 972 3309 17.
1072 3235 1146 3293 ln
1211 3237 1437 3322 quibus

404 3318 597 3378 rebus
642 3319 996 3390 consistat,
1041 3318 1211 3379 Phil.
1250 3313 1304 3381 3:
1345 3338 1438 3379 10.

364 3401 691 3477 ‚Repeuit
780 3402 1083 3462 libidines
1170 3426 1434 3477 omnes,

394 3487 459 3552 ‚110
468 3487 575 3566 ph.
616 3486 674 3546 6·
723 3486 818 3546 16.
890 3487 1074 3546 Unde
1108 3498 1244 3546 tota
1282 3510 1435 3567 pen·

410 3571 595 3644 (leat,
644 3572 774 3630 Iac.
818 3591 875 3630 2:
925 3588 1024 3651 19.
1093 3572 1299 3631 Simul
1341 3583 1437 3633 est

360 3725 363 3730 .
402 3656 561 3716 fides
607 3653 675 3713 in
717 3657 963 3732 Deum,
1018 3657 1197 3716 Rom.
1225 3660 1280 3718 3.
1316 3659 1433 3734 26,

402 3723 609 3799 Hebr.
635 3739 692 3800 6:
730 3757 801 3817 1,
852 3757 948 3801 11:
983 3757 1038 3801 Ι.
1106 3740 1290 3802 Fides
1321 3760 1438 3819 pro·

404 3825 803 3904 Euangelio‚
834 3825 975 3894 Gal.
988 3830 1060 3887 3:
1090 3830 1190 3888 23.
1245 3824 1431 3886 Fides

407 3929 521 3969 cur
602 3911 726 3972 Dei
812 3911 1046 3969 donum
1114 3920 1429 3982 vocetur,

409 3993 590 4052 Rom.
618 3997 674 4054 3:
706 3998 904 4071 27,5;
944 3994 1051 4068 16,
1086 3993 1245 4072 Eph.
1274 4015 1328 4054 2:
1359 3997 1430 4067 8,

406 4077 574 4137 Phil.
605 4094 786 4157 1:29.
851 4077 959 4136 Est
984 4100 1238 4138 animae
1263 4040 1432 4157 quod

404 4184 554 4221 esca
602 4163 834 4235 carni,
897 4162 1130 4223 Matth.
1181 4163 1276 4223 26:
1332 4163 1431 4221 26.

407 4247 794 4327 Baptismnm
833 4248 1191 4325 praecedit,
1233 4245 1431 4306 Hebr-

404 4335 577 4392 (521.
665 4331 1089 4411 comparatur
1138 4332 1431 4413 paitibus

1529 2237 1642 2295 17,
1691 2226 1747 2283 3:
1795 2227 1915 2298 23,
1960 2226 2079 2296 25,
2126 2226 2187 2282 5:
2233 2245 2303 2301 9,
2354 2248 2417 2305 9:
2463 2231 2574 2288 32.

1523 2305 1649 2363 Ubi
1717 2306 2026 2364 iustitiam
2097 2309 2362 2386 peperi&
2425 2331 2572 2383 non

1521 2389 1835 2468 quiescit,
1915 2390 2026 2449 sed
2101 2402 2417 2470 perpetuo
2494 2397 2568 2454 iu

1519 2494 1718 2552 opera
1775 2471 2039 2559 influit,
2105 2472 2287 2534 Rom.
2342 2492 2398 2536 1:
2460 2494 2570 2555 17.

1520 2556 1706 2618 Fides
1770 2579 2000 2639 magna
2064 2559 2276 2619 vincit
2340 2564 2587 2622 metus‘

1518 2664 1778 2718 omnes,
1827 2642 2006 2701 Rom.
2047 2661 2142 2705 11:
2182 2664 2302 2719 20,
2347 2644 2564 2708 Hebr.

1523 2744 1617 2788 11:
1687 2732 1789 2791 23.
1881 2727 2118 2809 Magna
2181 2739 2323 2803 est,
2389 2752 2561 2811 quae

1514 2812 1913 2893 principatus
1978 2809 2223 2893 spernit
2279 2822 2343 2874 et
2392 2836 2562 2875 con-

1516 2898 1765 2976 temptis
1833 2917 1899 2956 se
1968 2907 2316 2979 aggregat,
2378 2899 2556 2959 ibid.

1516 2980 1701 3041 Fides
1777 3001 1890 3040 cur
1960 2985 2159 3041 multa
2227 2984 2553 3062 promissa

1511 3064 1787 3141 habeat,
1841 3082 1864 3127 1
1919 3065 2071 3127 Cor.
2121 3071 2215 3128 13:
2265 3086 2323 3126 2.
2392 3065 2547 3127 Non

1513 3161 1778 3230 accepta
1835 3151 1948 3210 sed
1998 3151 2320 3210 custodita
2364 3151 2550 3210 vivi-

1513 3235 1703 3308 ficat,
1754 3235 1910 3293 Luc.
1942 3237 2036 3295 18.
2065 3237 2136 3310 8,
2178 3232 2317 3293 1011.
2343 3248 2403 3305 4:
2441 3249 2545 3316 14.

1512 3318 1635 3378 Ρο1·
1664 3340 1881 3397 puram
1909 3318 2367 3378 conscientiam
2394 3341 2547 3380 cus-

1511 3395 1796 3477 toditur,
1853 3420 1876 3462 1
1934 3403 2105 3461 Tim.
2141 3407 2198 3464 3:
2237 3424 2300 3483 9.
2367 3403 2546 3465 Obe-

1511 3487 1730 3546 diendi
1778 3486 2168 3566 propositum
2211 3488 2574 3566 includit,

1511 3570 1649 3630 1011.
1677 3592 1731 3652 3:
1757 3571 1882 3652 36,
1910 3575 1969 3631 5:
1999 3585 2112 3646 24,
2143 3573 2285 3634 Αο1.
2313 3573 2408 3638 16:
2436 3594 2540 3657 31.

1511 3651 1996 3732 Poenitentiam
2028 3667 2294 3738 operata
2341 3679 2453 3718 nos
2502 3681 2540 3718 a

1510 3741 1684 3799 vitae
1725 3741 1963 3819 prioris
2008 3743 2385 3801 criminibus
2422 3743 2541 3801 ab·

1509 3825 1746 3899 solvit,
1781 3824 1933 3883 Luc.
1959 3846 2017 3903 7:
2045 3829 2148 3885 50.
2203 3827 2533 3896 Quaenam

1509 3929 1732 3987 preces
1769 3910 2205 3988 commendet,
2247 3908 2395 3974 Luc.
2429 3911 2525 3971 18:

1507 3996 1568 4051 8.
1634 3993 1811 4066 Quae
1846 3995 2288 4054 remissionem
2325 3993 2532 4073 impe-

1507 4086 1648 4137 trat
1679 4079 1819 4156 sine
1857 4079 2202 4139 dilectione
2237 4098 2367 4136 non
2394 4087 2528 4152 est,

1510 4161 1667 4221 Luc.
1693 4183 1791 4242 ,72
1863 4178 1966 4240 47.
2072 4159 2259 4222 Fides
2336 4162 2529 4221 radix

1511 4246 1740 4326 Legis
1790 4245 1987 4307 Hebr·
2035 4266 2131 4311 11·
2185 4265 2244 4310 Ι.
2338 4241 2527 4308 Fides

1502 4327 1950 4391 robustissima
1991 4341 2088 4390 est
2128 4331 2391 4391 credere
2425 4351 2535 4391 re·-

403 4415 663 4476 hnmani
696 4417 994 4496 corporis
1029 4437 1144 4497 per
1170 4437 1345 4495 quae
1355 4418 1430 4475 fit
1506 4416 1998 4494 suscitationem
2090 4423 2490 4490 mortuorum
2501 4461 2532 4492 ,

2381 4498 2521 4558 1011
