2779 5085
351 229 479 295 216
1170 223 1203 286 1
1273 219 1329 285 N
1394 223 1455 283 D
1486 250 1493 255 ·
1520 220 1574 283 Ε
1640 221 1698 284 Χ

387 382 615 449 nitatis
666 380 927 447 initium
984 389 1086 453 est
1128 382 1419 443 morbum
1494 381 1663 461 Ep‘h.
1707 400 1762 444 ιε
1810 400 1911 461 ¹7·
1996 380 2095 441 Ad
2139 380 2531 462 sapientiam

276 492 280 497 ·
390 470 626 546 fateri,
675 469 837 529 Luc.
880 489 938 547 7:
987 470 1091 529 36.
1492 468 1674 525 multi
1712 465 2199 548 pervenissent,
2226 468 2352 526 nisi
2381 490 2533 547 per·
2568 456 2583 469 ’

347 557 590 631 Sanum
655 554 902 614 dicitur
968 550 1278 632 primario
1340 551 1419 610 de
1491 553 1752 611 venisse
1802 572 1869 611 se
1917 554 2289 632 putassent,
2344 552 2531 612 Rom.

387 641 691 713 homine,
736 637 1069 717 analogice
1109 636 1191 695 'de
1228 636 1419 695 rebus
1499 654 1594 695 10:
1641 639 1702 697 3.

387 744 550 805 quae
577 722 658 782 ad
683 722 1025 781 sanitatem
1049 719 1420 799 conferunt,
1454 719 1809 798 Sappbirus
1865 719 2024 799 quid
2079 719 2348 799 mystice
2395 718 2528 800 sig-

391 810 783 869 Tit.1:13.
1492 803 2529 883 nilicet,Apoc.21:·19.Sap-

349 893 589 973 Sapere
624 891 703 949 ad
737 889 1151 949 sobrietatem
1182 906 1288 946 res
1316 907 1422 947 ar·
1494 887 1746 969 phiram
1821 909 1936 948 cur
2004 897 2334 968 gestarent
2395 889 2530 948 Ae-
2636 918 2641 921 ·

390 978 564 1053 dua,
635 974 790 1033 Luc.
834 990 935 1046 24:
986 972 1088 1033 26.
1181 972 1422 1051 Sapere
1493 973 1861 1052 gyptiorum
1898 972 2326 1046 Sacerdotes,
2361 971 2529 1032 ibid.

390 1082 507 1122 cur
547 1060 861 1120 soleamus
904 1058 1042 1138 plus
1084 1057 1151 1115 iu
1187 1056 1418 1114 alienis
1454 1056 1711 1135 Sappho
1776 1056 2185 1116 nobilissima
2238 1056 2413 1135 poesi
2457 1065 2530 1116 et

385 1166 575 1225 quam
640 1144 711 1202 in
782 1141 1025 1203 nostris
1091 1139 1417 1220 negotiis,
1490 1139 1797 1221 ingenio,
1823 1140 2028 1202 Rom.
2079 1162 2131 1202 1:
2178 1140 2279 1200 26.

389 1230 553 1290 Luc.
601 1248 653 1288 1:
709 1229 805 1285 18.
1453 1225 1616 1284 Sara
1675 1226 1990 1304 quomodo
2038 1233 2309 1284 vocetur
2357 1226 2528 1304 San-

346 1311 675 1392 Sapientis
740 1328 973 1368 nomen
1034 1307 1261 1387 quibus
1305 1327 1420 1385 per
1494 1307 1966 1385 chuniathoui,
2030 1308 2263 1371 Matth.
2308 1312 2370 1370 5:
2425 1314 2529 1371 31.

385 1393 839 1458 excellentiam
905 1391 1214 1451 tributum
1281 1391 1419 1451 fue·
1494 1393 1898 1453 Abimelechi
1975 1392 2320 1473 cupiditati
2390 1414 2527 1453 ιιοιι

383 1482 524 1555 rit,
590 1476 1056 1538 Rom.1:22.'
1126 1474 1418 1555 Sapienti
1494 1477 1729 1552 cessit·,
1780 1497 1801 1535 1
1847 1477 2019 1537 Petr.
2050 1483 2107 1539 3.
2143 1478 2206 1536 6.
2271 1478 2528 1558 Regina

387 1566 634 1625 dictum
669 1570 772 1623 sat
811 1568 948 1634 est,
998 1577 1023 1619 ι
1066 1558 1206 1621 loh.
1232 1580 1289 1620 2:
1319 1579 1421 1620 2ο.
1474 1561 1670 1621 dicta
1705 1563 1875 1640 quod
1901 1562 2084 1622 multi
2113 1563 2190 1622 ab
2216 1582 2290 1620 ea
2324 1562 2522 1643 Reges

389 1648 728 1747 Sapientes
761 1647 835 1704 in
865 1653 1081 1717 terra,
1107 1645 1281 1723 quod
1320 1644 1417 1702 lu-
1493 1655 1711 1706 essent
1748 1647 2111 1725 prodituri,
2147 1647 2306 1705 ibid.
2367 1645 2525 1707 Eius

385 1731 670 1794 minaria
691 1732 762 1791 in
790 1729 1009 1803 coelo,
1040 1728 1212 1789 Phil.
1233 1746 1291 1789 2:
1323 1731 1421 1788 ι6.
1492 1730 1970 1791 obedientia.et
2015 1731 2320 1805 comitas,
2359 1730 2523 1790 ibid.

387 1818 728 1915 Sapientes
770 1813 1114 1873 secundum
1158 1816 1417 1873 carnem
1493 1813 1649 1875 Eius
1672 1823 1908 1874 .uterus
1944 1816 2124 1874 cuius
2163 1815 2258 1875 rei
2293 1815 2525 1896 imagi·-

383 1903 647 1984 quinam
690 1898 1043 1980 appellati,
1093 1916 1120 1958 1
1169 1896 1322 1958 Cor.
1363 1917 1416 1958 ιε
1491 1919 1637 1959 nem
1659 1907 1862 1979 gerat,
1886 1900 2138 1970 Rom.4:
2164 1919 2258 1979 ι9.
2302 1899 2520 1959 Saram

383 1987 493 2049 26.
546 1986 885 2066 Sapientes
912 1981 1087 2042 dicta
1100 1982 1418 2061 quaedam
1491 1984 1835 2065 allegorice
1857 1983 2043 2043 Philo
2062 1984 2527 2065 interpretatur

386 2091 503 2131 sua
548 2069 803 2150 saepius
845 2067 1213 2144 iterabant,
1263 2066 1421 2128 Luc.
1490 2068 1840 2144 virtutem,
1888 2067 2029 2128 Gal.
2072 2083 2133 2143 4:
2179 2088 2283 2130 22.

387 2174 486 2216 11:
535 2158 658 2221 33.
1113 2188 1122 2206 ι
1452 2152 1767 2212 Saraceni
1837 2152 1908 2213 in
1975 2153 2196 2213 orbem
2262 2150 2522 2213 tonderi

343 2214 681 2323 Sapientia
743 2236 1010 2297 docetur
1059 2233 1418 2314 praeceptis
1491 2237 1709 2312 soliti,
1761 2236 1921 2296 Luc.
1968 2241 2026 2298 3:
2084 2250 2178 2308 14.

384 2319 982 2402 etexemplis,loh.
997 2320 1056 2379 6.
1072 2322 1177 2381 53.
1215 2319 1420 2399 Saepe
1451 2321 1689 2381 Sardes
1758 2320 1984 2381 Croesi
2051 2322 2271 2400 regia,
2320 2321 2526 2398 Apoc.

386 2410 582 2469 etiam
645 2405 762 2465 sub
823 2404 1091 2484 palliolo
1154 2403 1419 2463 sordido
1491 2409 1550 2467 3.
1600 2424 1652 2463 ι.
1740 2405 2179 2473 Sar-danorum
2225 2403 2528 2464 Ecclesia

387 2504 531 2568 est,
594 2491 728 2551 Iac.
791 2507 852 2550 2.
916 2506 977 2550 2.
1063 2486 1418 2549 Thesauris
1487 2489 1803 2568 quomodo
1862 2508 1899 2547 a
1963 2487 2215 2565 Spiritu
2277 2486 2523 2556 Sancto

387 2575 753 2655 comparari
799 2573 1005 2646 solet,
1059 2572 1202 2631 col.
1249 2590 1307 2631 2.
1359 2575 1419 2632 3.
1494 2572 1828 2631 admonita
1881 2573 1951 2632 in
1995 2572 2436 2654 Apocalypsi,
2488 2591 2520 2632 ι

241 2716 263 2726 ,
383 2660 588 2731 Quem
650 2657 860 2715 locum
906 2655 979 2713 in
1023 2654 1417 2734 genealogiis
1492 2656 1643 2715 Cor.
1685 2656 1892 2736 praef.

383 2743 770 2805 Iudaeorum
816 2746 1113 2814 teneret,
1170 2756 1194 2797 ι
1250 2738 1418 2798 Tim.
1451 2739 1685 2800 Sardio
1735 2741 1893 2819 quid
1936 2731 2210 2822 mystice
2258 2742 2526 2817 denote-

389 2848 445 2887 1:
485 2841 550 2898 4.
614 2822 945 2903 Sapientia
984 2843 1101 2902 pro
1137 2822 1427 2911 sapienti
1489 2835 1634 2898 mr,
1685 2826 1890 2903 Apoc.
1926 2839 2007 2897 4·
2040 2830 2118 2902 3,
2170 2845 2269 2887 21:
2318 2844 2418 2886 20.

385 2910 511 2971 Dei
571 2906 896 2981 consilio,
963 2905 1126 2967 Luc.
1188 2928 1247 2987 7:
1317 2909 1419 2967 36.
1452 2908 1801 2988 Sardonyx
1866 2903 2026 2989 qu'id
2079 2909 2346 2991 mystice
2393 2909 2525 2991 sig-

388 2990 721 3077 Sapientia
765 2991 1016 3051 Divina
1056 2992 1257 3051 menti
1283 2990 1420 3053 hu·-
1492 2993 1755 3068 nificet,
1802 2994 1967 3054 ibid.

386 3099 617 3140 manae
647 3074 892 3138 Christi
919 3096 1067 3135 suos
1093 3075 1421 3155 impressit
1452 3077 1722 3158 Sarepta
1763 3079 2073 3140 Sidon-iae
2119 3080 2311 3154 urbs,
2364 3077 2525 3138 Luc.

387 3163 648 3224 effectus
715 3181 834 3240 pro
894 3168 1255 3241 temporum
1312 3178 1420 3219 ra-
1490 3176 1551 3233 4:
1607 3161 1708 3221 26.

384 3244 614 3322 tione,
647 3246 877 3305 Marc.
928 3248 1022 3306 13:
1074 3249 1175 3322 32.
1245 3242 1417 3304 Eius
1453 3248 1705 3307 Sarona
1748 3266 1986 3307 nomen
2034 3245 2362 3330 proprium
2413 3267 2529 3307 ur-

383 3291 1418 3394 suitinvenirerationessanandi
1490 3330 1637 3405 bis,
1701 3331 1870 3391 unde
1913 3331 2195 3409 dictum)
2260 3333 2408 3396 Act.
2454 3353 2517 3413 9:

389 3436 594 3498 genus
622 3412 1009 3484 humanum,
1037 3411 1421 3491 prudentiae
1494 3417 1597 3476 35·

388 3521 549 3561 vero
585 3518 691 3562 eas
732 3496 1054 3575 dirigere,
1082 3495 1248 3574 Eph.
1279 3515 1330 3558 1:
1351 3495 1421 3555 8.
1454 3500 1609 3559 Sata
1663 3497 1826 3556 bene
1887 3497 2225 3559 interdum
2259 3498 2527 3580 irrigari

391 3582 730 3663 Sapientia
767 3601 927 3643 vera
967 3588 1066 3640 est
1106 3580 1227 3641 Dei
1271 3601 1418 3661 cog·
1494 3582 1652 3641 utile
1697 3590 1834 3657 est,
1858 3585 2025 3643 Act.
2077 3587 2170 3645 18:
2220 3589 2321 3646 23.

391 3670 605 3746 nitio,
666 3665 850 3725 Rom.
912 3655 983 3724 ιό
1036 3685 1130 3744 ι9.
1215 3663 1421 3724 Huius
1456 3667 1658 3728 Satan
1733 3666 1975 3726 dicitur
2049 3667 2327 3748 Serpens
2397 3668 2530 3730 He-
2622 3705 2625 3708 Δ

389 3713 618 3814 mund’i
682 3771 797 3809 cur
855 3750 993 3809 Deo
1040 3768 1173 3808 non
1221 3751 1421 3830 magis
1494 3749 1707 3810 braeis
1726 3759 1792 3810 et
1811 3750 2098 3828 Graecis,
2115 3752 2299 3814 Rom.
2319 3753 2410 3813 16:
2428 3771 2528 3813 20.

392 3840 649 3919 placeat
690 3855 877 3916 quam
920 3853 1164 3893 summa
1213 3835 1421 3893 stulti-
1499 3836 1666 3909 Cur,
1691 3834 1884 3911 ibid.
1924 3823 2141 3897 2Οοι.
2172 3858 2263 3899 11:
2293 3844 2353 3901 3.
2398 3837 2524 3897 Pro

390 3924 526 3998 tia,
569 3941 595 3980 1
637 3919 789 3981 Cor.
812 3923 871 3981 3.
906 3937 1001 4015 ι9.
1056 3917 1423 3977 Salomonis
1496 3920 1874 3979 adversario
1930 3923 2244 3996 sumitur,
2295 3920 2524 3983 Matth.

278 4031 284 4048 =
391 4008 465 4065 in
501 4006 729 4086 quibus
765 4002 1168 4078 constiterit,
1195 4000 1426 4063 Matth.
1505 4005 1597 4066 16:
1643 4007 1747 4066 23.
1825 4004 2100 4067 Satanas
2142 4008 2382 4066 excitat
2420 4004 2528 4065 vi-

402 4110 496 4152 12:
521 4104 628 4161 42.
686 4087 1059 4168 Sapientiae
1084 4095 1425 4167 praecepta
1497 4089 1736 4148 tiorum
1765 4089 2115 4164 scintillas,
2151 4110 2173 4149 1
2210 4090 2358 4148 Cor.
2381 4109 2440 4165 7:
2463 4092 2528 4150 5.

398 4195 535 4233 non
562 4172 1005 4255 imprudenter
1028 4192 1165 4232 esse
1192 4170 1425 4249 imper·
1504 4171 1842 4235 Hominem
1908 4194 1945 4231 a
1980 4177 2145 4236 ‘Deo
2208 4173 2526 4235 abducere

397 4259 655 4332 tienda,
688 4254 919 4317 Matth.
949 4275 1007 4333 7:
1044 4255 1106 4322 6.
1160 4254 1422 4334 Sapien-
1502 4268 1778 4318 conatur
1796 4277 1903 4336 ,,2
1945 4258 2095 4318 Cor.
2136 4278 2192 4320 2:
2244 4277 2341 4318 11.
2406 4258 2534 4318 Po-

396 4343 556 4401 tiam
581 4342 826 4420 qualem
856 4339 1136 4437 Spiritus
1155 4339 1424 4399 Sanctus
1502 4350 1795 4406 testatem
1828 4341 2155 4410 interdum
2181 4342 2425 4423 accipit
2448 4343 2532 4403 ad

395 4425 795 4488 credentium
818 4422 1055 4485 animis
1079 4423 1428 4506 imprimat,
1502 4428 1847 4489 tentandos
1883 4425 2062 4508 pios,
2099 4428 2216 4489 sed
2252 4429 2538 4511 plerum.-

2420 4532 2540 4593 que
