2779 5085
1190 170 1207 199 Q·

538 302 549 309 ,
613 229 1002 290 RERUM
1091 251 1188 290 η
1282 227 1944 295 VERBORUM.

2253 255 2370 318 109

171 390 522 453 Hebraeis
566 389 761 450 dubia
805 380 917 449 est⁴
947 390 1236 469 quaestio
1258 434 1276 466 ,
1347 386 1768 450 simulacrum
1795 392 1873 450 ab
1901 391 2195 472 Ephesiis
2220 415 2379 454 con-

219 499 318 536 an
363 499 433 537 se
473 475 849 553 interficere
879 474 1107 549 liceat,
1137 476 1279 534 Act.
1353 473 1645 533 stitutum
1707 476 2058 555 Apollonio
2085 523 2103 553 ,
2174 480 2380 558 Apoc.

220 563 343 622 261
375 564 482 621 28.
529 558 847 619 Hebraeis
875 559 1085 618 voluit
1110 563 1278 618 Deus
1360 561 1456 618 13:
1508 571 1606 630 14.
1666 559 1931 621 Herculi
1969 583 2220 622 sacrum
2267 585 2382 624 cur

154 676 157 681 >
223 647 423 704 inter
480 667 551 705 se
611 664 747 703 esse
806 652 1064 723 praeter
1109 665 1279 704 com-

1352 642 1592 701 sactum
1663 644 1750 702 sit
1829 656 2051 727 aperto
2123 649 2382 728 capite,

222 731 471 790 munia
524 726 885 810 proprioris
930 730 1280 788 necessitu-
1361 745 1386 784 1
1427 724 1581 788 Cor.
1631 747 1831 790 1112.

225 815 429 874 dinis
468 815 671 873 multa
704 823 1078 892 praecepta,
1127 813 1281 872 Luc.
1318 809 1523 871 Heres
1574 810 1873 872 Christus
1921 816 2249 892 omnium,
2294 816 2389 897 pii

232 900 303 959 6:
362 902 465 960 35.
547 899 851 959 Manente
896 897 1104 956 adhuc
1145 897 1284 979 lege
1356 896 1510 955 fidei
1553 898 1874 956 commissi
1918 900 2153 980 titulo,
2201 901 2387 961 Rom.

236 987 429 1044 Deus
511 982 821 1079 Spiritum
906 1003 1084 1041 suum
1150 988 1281 1042 non
1358 984 1569 1057 8:17.
1655 981 1856 1042 Heres
1903 980 2162 1045 heredis
2211 987 2382 1062 mei,

237 1070 471 1131 dabat.
512 1067 641 1126 nisi
701 1065 887 1126 iustis
936 1067 1283 1133 secundum

238 1154 493 1233 legem,
524 1151 706 1209 Rom.
732 1169 791 1210 21
827 1154 925 1213 13.
946 1150 951 1155 ’
974 1150 1283 1210 Hebraeis

239 1238 440 1317 paria
489 1243 837 1294 censentur
884 1236 1095 1294 cultus
1143 1236 1283 1295 ido-

244 1321 467 1381 lorum
493 1365 514 1396 ,
544 1356 549 1361 ·
592 1328 881 1398 stuprum
908 1363 929 1394 ,
1012 1321 1240 1380 caedes
1267 1367 1285 1397 ‚

247 1404 490 1467 Matth.
516 1423 616 1483 27:
645 1403 707 1462 6.
774 1404 1179 1484 Praecipitur
1217 1414 1290 1463 ut

249 1501 321 1551 et
366 1498 704 1570 parentum
755 1488 997 1548 delicta
1044 1489 1283 1569 suppli-

201 1620 216 1632 .
250 1576 421 1633 citer
465 1582 866 1653 agnoscant,
908 1573 1141 1633 Matth.
1187 1594 1284 1652 271

253 1662 363 1719 25.
453 1655 763 1717 Hebraeis
806 1657 1068 1737 quinam
1114 1658 1285 1717 dice·

1355 1065 1546 1124 heres
1594 1086 1767 1125 meus
1807 1077 1947 1143 est,
1995 1068 2153 1128 Luc.
2193 1090 2389 1152 3123.

1359 1148 1634 1210 Heredis
1679 1172 1813 1211 vox
1845 1155 2164 1232 quomodo
2191 1155 2389 1215 etiam

1357 1234 1520 1293 sumi
1584 1236 1834 1309 soleat,
1903 1238 2137 1297 Matth.
2180 1240 2388 1317 praef.

1360 1317 1674 1379 Heredem
1721 1320 1826 1399 qui
1871 1320 2117 1402 habet,
2161 1324 2232 1381 in
2273 1323 2395 1383 he·-

1359 1401 1513 1462 rede
1560 1405 1776 1479 vivit,
1823 1403 2005 1465 Rom.
2050 1427 2198 1486 711.
2261 1406 2396 1467 He·-

1361 1488 1548 1547 redes
1617 1491 1986 1549 necessario
2051 1501 2204 1552 sunt
2265 1492 2393 1551 filii

1360 1572 1501 1652 lege
1548 1574 1788 1647 Musis,
1834 1574 2008 1634 filiae
2047 1598 2206 1637 vero
2256 1597 2390 1636 non

1361 1658 1493 1716 nisi
1518 1658 1674 1717 filiis
1704 1658 2181 1737 deficientibus,
2209 1660 2392 1721 Rom.
2457 1728 2464 1739 ⁸

250 1742 497 1802 bantur
553 1739 937 1823 ἀγράμματοι
996 1762 1111 1802 seu
1152 1743 1285 1801 illi-
1362 1743 1423 1802 8:
1475 1762 1542 1818 ¹7
1571 1786 1590 1817 ,
1639 1743 1782 1801 Gal.
1821 1756 1884 1813 4:
1931 1765 1992 1822 7.

251 1828 493 1903 terati,
542 1828 685 1887 Act.
727 1841 788 1896 4:
844 1831 943 1888 13.

1323 1823 1667 1886 Hereditas
1704 1837 1978 1887 vocatur
2009 1828 2148 1888 vita
2178 1838 2393 1889 aeter-

210 1909 517 1972 Hebraea
571 1912 790 1992 lingua
833 1921 931 1971 est
977 1909 1288 1985 Iudaica,
1361 1930 1488 1984 na,
1536 1909 1738 1970 Hebr.
1780 1932 1840 1989 9:
1888 1915 1982 1972 15.
2046 1913 2177 1973 Cur
2211 1915 2392 1973 dica-

252 1995 461 2056 Hebr.
479 1995 775 2075 inscript.
815 1994 970 2056 Eius
993 1996 1289 2076 angustia
1360 2003 1467 2053 tur
1511 1994 1793 2054 felicitas
1840 1996 2181 2074 coelestis,
2224 1997 2393 2076 Eph.

255 2081 611 2161 quaedam,
654 2080 888 2142 Matth.
921 2085 1015 2141 131
1046 2084 1105 2141 3.
1162 2078 1287 2140 He-

258 2166 461 2235 braea
507 2167 829 2225 vocabula
865 2164 1181 2244 quomodo
1220 2166 1288 2222 in

260 2249 575 2309 Graecum
600 2249 1115 2326 transferuntur,
1142 2250 1288 2310 Act.

219 2416 486 2479 Hebron
531 2420 685 2479 urbs
735 2418 1084 2500 praecipua
1138 2439 1287 2497 por-

256 2503 458 2563 tionis
507 2503 752 2581 Iudae,
802 2503 958 2564 Luc.
1005 2523 1059 2564 11
1101 2505 1201 2582 39.

221 2587 473 2649 Helena
561 2587 980 2649 Constantini
1067 2587 1284 2667 Magni

260 2682 463 2733 mater
552 2675 860 2753 templum
964 2673 1289 2733 exstruxit

231 2757 699 2833 ὓΒο111101101111,
749 2758 907 2821 Luc.
942 2777 1002 2818 21
1038 2778 1096 2835 7.
1159 2756 1289 2815 He-

258 2843 406 2902 lena
433 2843 629 2901 lzatis
656 2840 1289 2903 Adiabenorum-Re-

265 2928 353 3008 gis
400 2937 651 3003 mater,
696 2925 930 2989 Matth.
973 2940 1075 2997 24:
1124 2947 1185 3004 7.

225 3010 621 3087 Hellenistae
699 3013 806 3092 qui
882 3021 947 3071 et
1020 3010 1240 3089 quales
1267 3055 1286 3084 ,

261 3095 401 3157 Ioh.
469 3117 527 3176 71
594 3099 697 3158 35.
794 3095 1088 3174 Plerique
1161 3093 1283 3152 He-

263 3180 482 3240 braice
565 3202 700 3240 11011
780 3181 1286 3259 intelligebant,

269 3267 406 3326 Act.
449 3265 510 3325 61
555 3286 667 3345 19,
715 3287 774 3346 9:
809 3286 907 3346 29.
960 3263 1288 3324 Hebraeos

271 3350 473 3410 secuti
499 3360 718 3409 amant
739 3351 1095 3411 dictionum
1118 3370 1290 3410 com-

268 3435 538 3515 pendia,
595 3434 829 3495 Matth.
873 3435 973 3494 261
1020 3434 1290 3496 26.111

266 3520 769 3599 interpretandis
784 3518 1151 3595 Hebraicis,
1157 3540 1291 3590 non

1318 3207 1339 3230 ο
1363 3178 1496 3237 cita

1368 2098 1422 2138 11
1456 2093 1551 2149 14.
1612 2078 1953 2139 Hereditas
1985 2081 2224 2140 dicitur
2261 2082 2395 2142 He-

1359 2164 1576 2238 braeis
1641 2165 1850 2224 omnis
1904 2165 2090 2224 firma
2137 2175 2203 2225 et
2247 2187 2394 2246 per-

1361 2257 1553 2326 petua
1596 2249 1955 2327 possessio,
1993 2248 2175 2309 Rom.
2197 2265 2261 2321 4:
2296 2253 2396 2311 13.

1356 2331 1704 2392 Hereditas
1751 2342 2013 2397 terrena
2052 2344 2118 2394 et
2151 2336 2394 2394 caduca

1363 2418 1517 2476 data
1572 2417 1920 2493 Patribus,
1979 2420 2275 2480 coelestis
2324 2428 2392 2479 et

1363 2512 1631 2563 aeterna
1677 2500 1939 2563 Christo
1963 2547 1981 2577 ,
2015 2503 2214 2564 Hebr.
2246 2524 2298 2565 1:
2328 2524 2391 2565 2.

1363 2586 1707 2647 Hereditas
1731 2588 2018 2648 viventis
2046 2590 2227 2650 nulla
2251 2598 2349 2656 est
2367 2634 2390 2666 ,

1363 2670 1562 2732 Hebr.
1587 2694 1645 2753 9:
1676 2690 1773 2751 17.
1816 2671 2213 2734 Hereditatis
2239 2696 2389 2755 pars

1360 2778 1550 2836 quam
1613 2758 1735 2817 filii
1792 2759 2232 2838 negotiatores
2282 2780 2394 2818 ac-

1360 2842 1611 2920 cipiunt
1636 2886 1654 2918 ,
1680 2843 1753 2900 in
1776 2840 2206 2904 hereditatem
2236 2865 2398 2903 con-

1359 2924 1635 2986 ferenda
1670 2936 1816 3004 post
1843 2937 2115 2986 mortem
2133 2924 2345 3007 ‘patris
2367 2973 2388 3004 ,

1363 3010 1522 3070 Luc.
1597 3013 1690 3078 151
1769 3029 1866 3068 12.
1951 3010 2391 3071 Hereditatem

1362 3105 1702 3175 parentum
1766 3094 1874 3151 lex
1932 3096 2238 3170 quaedam
2289 3107 2394 3154 ta..

1558 3177 1782 3236 liberis
1843 3177 2092 3237 addicit
2115 3223 2136 3254 ,
2209 3178 2396 3242 Rom.

1364 3266 1426 3324 81
1479 3281 1546 3340 17
1580 3306 1599 3337 ,
1645 3283 1683 3323 2
1711 3263 1862 3324 Cor.
1893 3279 1990 3324 121
2026 3277 2122 3340 14.
2190 3262 2394 3323 Ηο1·0-

1365 3348 1572 3424 ditate
1605 3356 1906 3428 acceptae
1938 3369 2042 3408 res
2076 3349 2196 3409 soli
2222 3349 2392 3429 apud

1366 3431 1695 3494 Hebraeos
1745 3433 1956 3493 erant
2001 3434 2396 3495 inalienabi-

1362 3517 1502 3593 les,
1552 3516 1738 3577 Rom.
1780 3533 1842 3588 4·
1897 3539 2020 3600 13.

272 3625 513 3684 semper
567 3606 783 3664 solent
826 3605 1161 3664 attendere
1210 3604 1291 3663 ad
1324 3600 1484 3661 Heri
1529 3624 1647 3683 pro
1689 3613 1977 3683 tempore
2001 3602 2391 3684 praeterito,

271 3688 495 3749 Graeci
549 3689 864 3752 sermonis
932 3689 1291 3769 proprieta-
1364 3686 1596 3745 Hebr.
1620 3707 1716 3768 13:
1766 3691 1830 3747 8.

267 3781 436 3850 10111,
481 3774 644 3835 ibid.
696 3778 790 3837 131
838 3777 897 3835 3.

235 3855 596 3919 Heraclitus
623 3855 1049 3938 Philosophus
1074 3856 1292 3941 Ephe-

271 3946 393 4003 sius
420 3987 441 4020 ,
489 3941 659 4023 Eph.
701 3942 907 4023 praef.

233 4023 439 4088 Herba
485 4028 741 4089 Latinis
784 4029 975 4087 etiam
1017 4034 1291 4088 vocatur

269 4112 435 4195 quod
501 4113 778 4195 primum
852 4113 1225 4187 enascitur,

266 4197 465 4256 Marc.
508 4209 569 4269 4:
618 4200 717 4259 28.

133 4297 137 4302 ’
231 4276 529 4341 Hercules
577 4282 969 4343 Alexicacus
1004 4279 1074 4338 in
1108 4279 1290 4340 insu-

1322 3770 1592 3830 Hermas
1652 3793 1886 3831 nomen
1929 3770 2226 3830 libertini
2271 3770 2395 3831 110-
2451 3805 2458 3815 ·

1363 3853 1559 3914 minis
1628 3865 2031 3932 contractum
2096 3875 2179 3914 ex
2227 3856 2396 3919 Her-

1361 3940 1677 4015 modoro,
1726 3939 1911 4020 Rom.
1958 3938 2053 4001 16:
2097 3954 2196 4011 14.
2261 3942 2395 4003 Ve-

1359 4024 1619 4083 tustatis
1691 4025 1937 4103 primae
2005 4026 2366 4105 scriptor„

1362 4110 1564 4170 Marc.
1591 4128 1647 4169 2:
1680 4112 1751 4185 8,
1792 4110 1950 4182 Luc.
1981 4130 2164 4189 1717.
2223 4114 2397 4172 Auc-

1360 4204 1467 4253 tor
1511 4204 1769 4273 putatus
1836 4194 1992 4253 libri
2063 4197 2390 4275 pastoris,

1360 4279 1467 4359 qui
1516 4279 1785 4344 Latinus
1826 4277 2107 4340 habetur
2139 4289 2202 4340 et
2235 4281 2390 4339 olim

266 4363 327 4422 la
389 4367 614 4427 Melite
685 4368 835 4426 olim
906 4366 1288 4438 colebatur,
1364 4364 1647 4424 certavit
1719 4384 1858 4422 011111
1940 4363 2238 4444 Epistola
2309 4364 2392 4423 ad

267 4450 403 4508 Act.
472 4451 705 4513 2816.

810 4451 963 4511 Eius
1030 4447 1289 4510 nomine
1363 4446 1695 4512 Hebraeos
1719 4447 1796 4515 de
1818 4448 2391 4524 autoritate,Rom.

2289 4530 2388 4592 16:
