<?xml version="1.0" encoding="UTF-8"?>
<!DOCTYPE html PUBLIC "-//W3C//DTD XHTML 1.0 Transitional//EN"
    "http://www.w3.org/TR/xhtml1/DTD/xhtml1-transitional.dtd">
<html xmlns="http://www.w3.org/1999/xhtml" xml:lang="en" lang="en">
 <head>
  <title>
</title>
<meta http-equiv="Content-Type" content="text/html;charset=utf-8" />
  <meta name='ocr-system' content='tesseract 3.04.00' />
  <meta name='ocr-capabilities' content='ocr_page ocr_carea ocr_par ocr_line ocrx_word'/>
</head>
<body>
  <div class='ocr_page' id='page_1' title='image "./annotationesinn00grotgoog_0077.png"; bbox 0 0 2779 5085; ppageno 0'>
   <div class='ocr_carea' id='block_1_1' title="bbox 606 218 2364 322">
    <p class='ocr_par' dir='ltr' id='par_1_1' title="bbox 606 218 2364 322">
     <span class='ocr_line' id='line_1_1' title="bbox 606 218 2364 322; baseline 0.001 -29"><span class='ocrx_word' id='word_1_1' title='bbox 606 218 997 298; x_wconf 63' lang='lat' dir='ltr'><strong>&#39;nuzuvu</strong></span> <span class='ocrx_word' id='word_1_2' title='bbox 1086 257 1185 295; x_wconf 67' lang='lat' dir='ltr'>n</span> <span class='ocrx_word' id='word_1_3' title='bbox 1275 232 1927 296; x_wconf 68' lang='lat' dir='ltr'><strong>VERBORUM.</strong></span> <span class='ocrx_word' id='word_1_4' title='bbox 2278 243 2364 322; x_wconf 78' lang='lat'><strong>63</strong></span> 
     </span>
    </p>
   </div>
   <div class='ocr_carea' id='block_1_2' title="bbox 157 395 2432 4436">
    <p class='ocr_par' dir='ltr' id='par_1_2' title="bbox 192 395 2380 561">
     <span class='ocr_line' id='line_1_2' title="bbox 226 395 2375 482; baseline 0.001 -24"><span class='ocrx_word' id='word_1_5' title='bbox 226 408 301 459; x_wconf 75' lang='lat' dir='ltr'><strong>et</strong></span> <span class='ocrx_word' id='word_1_6' title='bbox 384 395 799 482; x_wconf 61' lang='lat' dir='ltr'><strong>differentia,</strong></span> <span class='ocrx_word' id='word_1_7' title='bbox 869 396 1031 477; x_wconf 79' lang='lat' dir='ltr'><strong>Eph.</strong></span> <span class='ocrx_word' id='word_1_8' title='bbox 1096 396 1158 457; x_wconf 81' lang='lat'><strong>6:</strong></span> <span class='ocrx_word' id='word_1_9' title='bbox 1220 417 1279 458; x_wconf 86' lang='grc'><strong>2.</strong></span> <span class='ocrx_word' id='word_1_10' title='bbox 1347 397 2375 476; x_wconf 68' lang='lat' dir='ltr'><strong>personasrefertur,hebr-7:5-</strong></span> 
     </span>
     <span class='ocr_line' id='line_1_3' title="bbox 192 480 2380 561; baseline -0.001 -17"><span class='ocrx_word' id='word_1_11' title='bbox 192 487 446 544; x_wconf 89' lang='lat' dir='ltr'><strong>Decem</strong></span> <span class='ocrx_word' id='word_1_12' title='bbox 483 482 779 540; x_wconf 87' lang='lat' dir='ltr'><strong>homines</strong></span> <span class='ocrx_word' id='word_1_13' title='bbox 814 481 1031 541; x_wconf 86' lang='lat' dir='ltr'><strong>facere</strong></span> <span class='ocrx_word' id='word_1_14' title='bbox 1056 480 1280 540; x_wconf 83' lang='lat' dir='ltr'><strong>Eccle-</strong></span> <span class='ocrx_word' id='word_1_15' title='bbox 1355 481 1733 538; x_wconf 80' lang='lat' dir='ltr'><strong>Decumatio</strong></span> <span class='ocrx_word' id='word_1_16' title='bbox 1796 482 2112 561; x_wconf 83' lang='lat' dir='ltr'><strong>legionum</strong></span> <span class='ocrx_word' id='word_1_17' title='bbox 2194 506 2380 542; x_wconf 85' lang='lat' dir='ltr'><strong>mou-</strong></span> 
     </span>
    </p>

    <p class='ocr_par' dir='ltr' id='par_1_3' title="bbox 193 556 2382 726">
     <span class='ocr_line' id='line_1_4' title="bbox 241 556 2382 650; baseline 0 -23"><span class='ocrx_word' id='word_1_18' title='bbox 241 571 412 627; x_wconf 76' lang='lat' dir='ltr'><strong>siam</strong></span> <span class='ocrx_word' id='word_1_19' title='bbox 463 564 694 628; x_wconf 83' lang='lat' dir='ltr'><strong>Matth.</strong></span> <span class='ocrx_word' id='word_1_20' title='bbox 751 569 845 626; x_wconf 83' lang='lat'><strong>18:</strong></span> <span class='ocrx_word' id='word_1_21' title='bbox 896 583 997 641; x_wconf 87' lang='lat'><strong>17.</strong></span> <span class='ocrx_word' id='word_1_22' title='bbox 1242 556 1255 563; x_wconf 70' lang='grc'><strong>’</strong></span> <span class='ocrx_word' id='word_1_23' title='bbox 1354 574 1519 621; x_wconf 76' lang='lat' dir='ltr'><strong>strat</strong></span> <span class='ocrx_word' id='word_1_24' title='bbox 1557 565 1714 642; x_wconf 84' lang='lat' dir='ltr'><strong>quid</strong></span> <span class='ocrx_word' id='word_1_25' title='bbox 1737 586 1955 625; x_wconf 88' lang='lat' dir='ltr'><strong>omues</strong></span> <span class='ocrx_word' id='word_1_26' title='bbox 1981 570 2382 650; x_wconf 79' lang='lat' dir='ltr'>meruerint,</span> 
     </span>
     <span class='ocr_line' id='line_1_5' title="bbox 193 648 1774 726; baseline -0.003 -14"><span class='ocrx_word' id='word_1_27' title='bbox 193 653 586 712; x_wconf 74' lang='lat' dir='ltr'><strong>Decembris</strong></span> <span class='ocrx_word' id='word_1_28' title='bbox 647 650 784 710; x_wconf 90' lang='lat' dir='ltr'><strong>dies</strong></span> <span class='ocrx_word' id='word_1_29' title='bbox 835 654 911 711; x_wconf 80' lang='grc'><strong>26</strong></span> <span class='ocrx_word' id='word_1_30' title='bbox 965 670 1046 710; x_wconf 74' lang='lat' dir='ltr'><strong>ex</strong></span> <span class='ocrx_word' id='word_1_31' title='bbox 1091 648 1284 707; x_wconf 85' lang='lat' dir='ltr'><strong>insti·</strong></span> <span class='ocrx_word' id='word_1_32' title='bbox 1357 648 1513 707; x_wconf 86' lang='lat' dir='ltr'><strong>Luc.</strong></span> <span class='ocrx_word' id='word_1_33' title='bbox 1551 666 1662 726; x_wconf 73' lang='lat'><strong>⁶13:</strong></span> <span class='ocrx_word' id='word_1_34' title='bbox 1713 666 1774 708; x_wconf 91' lang='grc'><strong>2.</strong></span> 
     </span>
    </p>

    <p class='ocr_par' dir='ltr' id='par_1_4' title="bbox 231 732 2382 814">
     <span class='ocr_line' id='line_1_6' title="bbox 231 732 2382 814; baseline -0.002 -20"><span class='ocrx_word' id='word_1_35' title='bbox 231 746 384 794; x_wconf 85' lang='lat' dir='ltr'><strong>tuto</strong></span> <span class='ocrx_word' id='word_1_36' title='bbox 425 735 758 795; x_wconf 80' lang='lat' dir='ltr'><strong>Ecclesiae</strong></span> <span class='ocrx_word' id='word_1_37' title='bbox 806 734 1131 793; x_wconf 73' lang='lat' dir='ltr'><strong>Romanae</strong></span> <span class='ocrx_word' id='word_1_38' title='bbox 1167 732 1282 790; x_wconf 81' lang='lat' dir='ltr'><strong>ha·</strong></span> <span class='ocrx_word' id='word_1_39' title='bbox 1314 734 1756 807; x_wconf 77' lang='lat' dir='ltr'><strong>Decuriones‘,</strong></span> <span class='ocrx_word' id='word_1_40' title='bbox 1827 732 2059 794; x_wconf 67' lang='lat' dir='ltr'><strong>Manli.</strong></span> <span class='ocrx_word' id='word_1_41' title='bbox 2103 746 2203 814; x_wconf 70' lang='lat'><strong>27:</strong></span> <span class='ocrx_word' id='word_1_42' title='bbox 2252 740 2329 814; x_wconf 80' lang='lat'><strong>57</strong></span> <span class='ocrx_word' id='word_1_43' title='bbox 2357 780 2382 813; x_wconf 78' lang='lat'>‚</span> 
     </span>
    </p>

    <p class='ocr_par' dir='ltr' id='par_1_5' title="bbox 238 817 2381 897">
     <span class='ocr_line' id='line_1_7' title="bbox 238 817 2381 897; baseline 0 -18"><span class='ocrx_word' id='word_1_44' title='bbox 238 822 440 879; x_wconf 84' lang='lat' dir='ltr'><strong>betur</strong></span> <span class='ocrx_word' id='word_1_45' title='bbox 510 840 625 897; x_wconf 91' lang='lat' dir='ltr'><strong>pro</strong></span> <span class='ocrx_word' id='word_1_46' title='bbox 698 820 902 877; x_wconf 84' lang='lat' dir='ltr'><strong>natali</strong></span> <span class='ocrx_word' id='word_1_47' title='bbox 974 817 1281 894; x_wconf 85' lang='lat' dir='ltr'><strong>Domini,</strong></span> <span class='ocrx_word' id='word_1_48' title='bbox 1358 817 1521 876; x_wconf 83' lang='lat' dir='ltr'><strong>Luc.</strong></span> <span class='ocrx_word' id='word_1_49' title='bbox 1588 831 1684 895; x_wconf 80' lang='lat'><strong>19:</strong></span> <span class='ocrx_word' id='word_1_50' title='bbox 1731 830 1837 895; x_wconf 77' lang='grc'><strong>47.</strong></span> <span class='ocrx_word' id='word_1_51' title='bbox 1948 821 2381 880; x_wconf 70' lang='lat' dir='ltr'><strong>Decurionum</strong></span> 
     </span>
    </p>

    <p class='ocr_par' dir='ltr' id='par_1_6' title="bbox 157 900 2387 1233">
     <span class='ocr_line' id='line_1_8' title="bbox 240 900 2387 984; baseline -0 -20"><span class='ocrx_word' id='word_1_52' title='bbox 240 906 402 964; x_wconf 85' lang='lat' dir='ltr'><strong>Luc.</strong></span> <span class='ocrx_word' id='word_1_53' title='bbox 455 923 511 963; x_wconf 83' lang='lat'><strong>2:</strong></span> <span class='ocrx_word' id='word_1_54' title='bbox 554 906 617 961; x_wconf 79' lang='lat'><strong>8.</strong></span> <span class='ocrx_word' id='word_1_55' title='bbox 1354 900 1547 982; x_wconf 87' lang='lat' dir='ltr'><strong>primi</strong></span> <span class='ocrx_word' id='word_1_56' title='bbox 1590 903 1908 979; x_wconf 84' lang='lat' dir='ltr'><strong>quomodo</strong></span> <span class='ocrx_word' id='word_1_57' title='bbox 1962 905 2272 984; x_wconf 68' lang='lat' dir='ltr'><strong>appellati</strong></span> <span class='ocrx_word' id='word_1_58' title='bbox 2318 915 2387 964; x_wconf 85' lang='lat' dir='ltr'><strong>et</strong></span> 
     </span>
     <span class='ocr_line' id='line_1_9' title="bbox 201 984 2347 1067; baseline 0 -18"><span class='ocrx_word' id='word_1_59' title='bbox 201 992 609 1067; x_wconf 85' lang='lat' dir='ltr'><strong>Deceptores</strong></span> <span class='ocrx_word' id='word_1_60' title='bbox 654 985 909 1065; x_wconf 81' lang='lat' dir='ltr'><strong>quinam</strong></span> <span class='ocrx_word' id='word_1_61' title='bbox 960 984 1284 1066; x_wconf 75' lang='lat' dir='ltr'><strong>pernicio-</strong></span> <span class='ocrx_word' id='word_1_62' title='bbox 1324 994 1509 1063; x_wconf 60' lang='lat' dir='ltr'><strong>quot</strong></span> <span class='ocrx_word' id='word_1_63' title='bbox 1553 984 1623 1043; x_wconf 84' lang='lat' dir='ltr'><strong>in</strong></span> <span class='ocrx_word' id='word_1_64' title='bbox 1671 987 1945 1067; x_wconf 81' lang='lat' dir='ltr'><strong>singulis</strong></span> <span class='ocrx_word' id='word_1_65' title='bbox 1971 989 2347 1049; x_wconf 71' lang='lat' dir='ltr'><strong>civit-tibus</strong></span> 
     </span>
     <span class='ocr_line' id='line_1_10' title="bbox 157 1070 2328 1149; baseline -0.004 -18"><span class='ocrx_word' id='word_1_66' title='bbox 157 1109 165 1119; x_wconf 88' lang='lat'><strong>·</strong></span> <span class='ocrx_word' id='word_1_67' title='bbox 250 1073 544 1146; x_wconf 86' lang='lat' dir='ltr'><strong>sissimi,</strong></span> <span class='ocrx_word' id='word_1_68' title='bbox 598 1087 624 1130; x_wconf 90' lang='lat'>1</span> <span class='ocrx_word' id='word_1_69' title='bbox 680 1070 819 1129; x_wconf 85' lang='lat' dir='ltr'><strong>loh.</strong></span> <span class='ocrx_word' id='word_1_70' title='bbox 867 1092 924 1131; x_wconf 83' lang='lat'><strong>2:</strong></span> <span class='ocrx_word' id='word_1_71' title='bbox 976 1087 1101 1133; x_wconf 83' lang='lat'><strong>21.·</strong></span> <span class='ocrx_word' id='word_1_72' title='bbox 1358 1071 1504 1127; x_wconf 85' lang='lat' dir='ltr'><strong>Aet.</strong></span> <span class='ocrx_word' id='word_1_73' title='bbox 1553 1089 1652 1149; x_wconf 80' lang='lat'><strong>13:</strong></span> <span class='ocrx_word' id='word_1_74' title='bbox 1695 1074 1800 1131; x_wconf 83' lang='lat'><strong>50.</strong></span> <span class='ocrx_word' id='word_1_75' title='bbox 1957 1092 1964 1099; x_wconf 79' lang='lat'><em>·</em></span> <span class='ocrx_word' id='word_1_76' title='bbox 2323 1094 2328 1101; x_wconf 91' lang='lat'><strong>·</strong></span> 
     </span>
     <span class='ocr_line' id='line_1_11' title="bbox 206 1148 2348 1233; baseline 0 -17"><span class='ocrx_word' id='word_1_77' title='bbox 206 1159 516 1216; x_wconf 80' lang='lat' dir='ltr'><strong>Decimae</strong></span> <span class='ocrx_word' id='word_1_78' title='bbox 581 1154 914 1214; x_wconf 84' lang='lat' dir='ltr'><strong>Pharisaei</strong></span> <span class='ocrx_word' id='word_1_79' title='bbox 964 1155 1159 1212; x_wconf 76' lang='lat' dir='ltr'><strong>etism</strong></span> <span class='ocrx_word' id='word_1_80' title='bbox 1208 1174 1283 1213; x_wconf 75' lang='grc' dir='ltr'><strong>ει</strong></span> <span class='ocrx_word' id='word_1_81' title='bbox 1315 1154 1684 1213; x_wconf 78' lang='lat' dir='ltr'><strong>Decurrere</strong></span> <span class='ocrx_word' id='word_1_82' title='bbox 1745 1150 2030 1216; x_wconf 73' lang='lat' dir='ltr'><strong>laborem</strong></span> <span class='ocrx_word' id='word_1_83' title='bbox 2057 1200 2078 1233; x_wconf 90' lang='lat'><em>,</em></span> <span class='ocrx_word' id='word_1_84' title='bbox 2144 1148 2348 1217; x_wconf 44' lang='lat' dir='ltr'><strong>Hebri</strong></span> 
     </span>
    </p>

    <p class='ocr_par' dir='ltr' id='par_1_7' title="bbox 252 1241 2338 1318">
     <span class='ocr_line' id='line_1_12' title="bbox 252 1241 2338 1318; baseline -0.002 -19"><span class='ocrx_word' id='word_1_85' title='bbox 252 1241 686 1299; x_wconf 81' lang='lat' dir='ltr'><strong>subiiciebant</strong></span> <span class='ocrx_word' id='word_1_86' title='bbox 714 1261 872 1318; x_wconf 79' lang='lat' dir='ltr'><strong>quae</strong></span> <span class='ocrx_word' id='word_1_87' title='bbox 901 1249 1284 1298; x_wconf 76' lang='lat' dir='ltr'><strong>coutrover-</strong></span> <span class='ocrx_word' id='word_1_88' title='bbox 1366 1259 1460 1300; x_wconf 79' lang='lat'><strong>12:</strong></span> <span class='ocrx_word' id='word_1_89' title='bbox 1517 1258 1571 1301; x_wconf 88' lang='lat'><strong>1.</strong></span> <span class='ocrx_word' id='word_1_90' title='bbox 2324 1255 2338 1271; x_wconf 89' lang='lat'><strong>·</strong></span> 
     </span>
    </p>

    <p class='ocr_par' dir='ltr' id='par_1_8' title="bbox 254 1322 2385 1404">
     <span class='ocr_line' id='line_1_13' title="bbox 254 1322 2385 1404; baseline 0 -20"><span class='ocrx_word' id='word_1_91' title='bbox 254 1331 308 1384; x_wconf 81' lang='lat' dir='ltr'><strong>si</strong></span> <span class='ocrx_word' id='word_1_92' title='bbox 333 1324 489 1383; x_wconf 85' lang='lat' dir='ltr'><strong>iuris</strong></span> <span class='ocrx_word' id='word_1_93' title='bbox 516 1334 736 1400; x_wconf 84' lang='lat' dir='ltr'><strong>eraut,</strong></span> <span class='ocrx_word' id='word_1_94' title='bbox 782 1322 1012 1384; x_wconf 76' lang='lat' dir='ltr'><strong>Matth.</strong></span> <span class='ocrx_word' id='word_1_95' title='bbox 1039 1342 1140 1404; x_wconf 79' lang='lat'><strong>²3²</strong></span> <span class='ocrx_word' id='word_1_96' title='bbox 1170 1342 1283 1404; x_wconf 81' lang='lat'><strong>23,</strong></span> <span class='ocrx_word' id='word_1_97' title='bbox 1317 1323 1629 1382; x_wconf 73' lang='lat' dir='ltr'><strong>Defensio</strong></span> <span class='ocrx_word' id='word_1_98' title='bbox 1662 1322 1856 1382; x_wconf 81' lang='lat' dir='ltr'><strong>etiam</strong></span> <span class='ocrx_word' id='word_1_99' title='bbox 1888 1332 1985 1384; x_wconf 87' lang='lat' dir='ltr'><strong>est</strong></span> <span class='ocrx_word' id='word_1_100' title='bbox 2008 1324 2117 1382; x_wconf 84' lang='lat' dir='ltr'><strong>ubi</strong></span> <span class='ocrx_word' id='word_1_101' title='bbox 2143 1323 2385 1385; x_wconf 74' lang='lat' dir='ltr'><strong>factum</strong></span> 
     </span>
    </p>

    <p class='ocr_par' dir='ltr' id='par_1_9' title="bbox 256 1408 2390 1487">
     <span class='ocr_line' id='line_1_14' title="bbox 256 1408 2390 1487; baseline -0.001 -17"><span class='ocrx_word' id='word_1_102' title='bbox 256 1410 416 1470; x_wconf 81' lang='lat' dir='ltr'><strong>Luc.</strong></span> <span class='ocrx_word' id='word_1_103' title='bbox 472 1412 566 1468; x_wconf 73' lang='lat'><strong>18:</strong></span> <span class='ocrx_word' id='word_1_104' title='bbox 626 1424 723 1470; x_wconf 84' lang='lat'><strong>12.</strong></span> <span class='ocrx_word' id='word_1_105' title='bbox 813 1408 1140 1467; x_wconf 80' lang='lat' dir='ltr'><strong>Decimam</strong></span> <span class='ocrx_word' id='word_1_106' title='bbox 1207 1408 1285 1465; x_wconf 90' lang='lat' dir='ltr'><strong>de</strong></span> <span class='ocrx_word' id='word_1_107' title='bbox 1357 1417 1671 1487; x_wconf 84' lang='lat' dir='ltr'><strong>negatur,</strong></span> <span class='ocrx_word' id='word_1_108' title='bbox 1712 1409 1860 1487; x_wconf 79' lang='lat' dir='ltr'><strong>Act.</strong></span> <span class='ocrx_word' id='word_1_109' title='bbox 1897 1424 2087 1469; x_wconf 73' lang='lat'>22:1-</span> <span class='ocrx_word' id='word_1_110' title='bbox 2146 1409 2390 1468; x_wconf 83' lang='lat' dir='ltr'><strong>Defen-</strong></span> 
     </span>
    </p>

    <p class='ocr_par' dir='ltr' id='par_1_10' title="bbox 252 1492 2389 1575">
     <span class='ocr_line' id='line_1_15' title="bbox 252 1492 2389 1575; baseline 0.001 -23"><span class='ocrx_word' id='word_1_111' title='bbox 252 1493 496 1575; x_wconf 85' lang='lat' dir='ltr'><strong>praeda</strong></span> <span class='ocrx_word' id='word_1_112' title='bbox 549 1494 683 1551; x_wconf 87' lang='lat' dir='ltr'><strong>Deo</strong></span> <span class='ocrx_word' id='word_1_113' title='bbox 726 1492 880 1551; x_wconf 78' lang='lat' dir='ltr'><strong>dare</strong></span> <span class='ocrx_word' id='word_1_114' title='bbox 925 1513 1057 1551; x_wconf 90' lang='lat' dir='ltr'><strong>mos</strong></span> <span class='ocrx_word' id='word_1_115' title='bbox 1098 1501 1284 1550; x_wconf 80' lang='lat' dir='ltr'><strong>vetu-</strong></span> <span class='ocrx_word' id='word_1_116' title='bbox 1358 1492 1456 1549; x_wconf 89' lang='lat' dir='ltr'><strong>sio</strong></span> <span class='ocrx_word' id='word_1_117' title='bbox 1494 1492 1573 1550; x_wconf 87' lang='lat' dir='ltr'><strong>ab</strong></span> <span class='ocrx_word' id='word_1_118' title='bbox 1603 1492 1849 1551; x_wconf 87' lang='lat' dir='ltr'><strong>ultione</strong></span> <span class='ocrx_word' id='word_1_119' title='bbox 1877 1492 2126 1566; x_wconf 83' lang='lat' dir='ltr'><strong>differt,</strong></span> <span class='ocrx_word' id='word_1_120' title='bbox 2155 1493 2389 1554; x_wconf 74' lang='lat' dir='ltr'><strong>Matth-</strong></span> 
     </span>
    </p>

    <p class='ocr_par' dir='ltr' id='par_1_11' title="bbox 215 1575 2399 2161">
     <span class='ocr_line' id='line_1_16' title="bbox 254 1575 2396 1657; baseline 0 -21"><span class='ocrx_word' id='word_1_121' title='bbox 254 1578 620 1653; x_wconf 87' lang='lat' dir='ltr'><strong>stissimus,</strong></span> <span class='ocrx_word' id='word_1_122' title='bbox 667 1575 864 1635; x_wconf 85' lang='lat' dir='ltr'><strong>Hebr.</strong></span> <span class='ocrx_word' id='word_1_123' title='bbox 904 1597 961 1655; x_wconf 80' lang='lat'><strong>7:</strong></span> <span class='ocrx_word' id='word_1_124' title='bbox 994 1596 1055 1635; x_wconf 92' lang='grc'><strong>2.</strong></span> <span class='ocrx_word' id='word_1_125' title='bbox 1098 1576 1285 1635; x_wconf 89' lang='lat' dir='ltr'><strong>Deci·</strong></span> <span class='ocrx_word' id='word_1_126' title='bbox 1358 1580 1420 1635; x_wconf 82' lang='lat'><strong>5:</strong></span> <span class='ocrx_word' id='word_1_127' title='bbox 1449 1579 1552 1655; x_wconf 81' lang='lat'><strong>39.</strong></span> <span class='ocrx_word' id='word_1_128' title='bbox 1623 1578 1888 1635; x_wconf 66' lang='lat' dir='ltr'><strong>Armate</strong></span> <span class='ocrx_word' id='word_1_129' title='bbox 1926 1579 2236 1636; x_wconf 77' lang='lat' dir='ltr'><strong>adversus</strong></span> <span class='ocrx_word' id='word_1_130' title='bbox 2274 1600 2396 1657; x_wconf 82' lang='lat' dir='ltr'><strong>pu·-</strong></span> 
     </span>
     <span class='ocr_line' id='line_1_17' title="bbox 251 1661 2390 1741; baseline -0 -21"><span class='ocrx_word' id='word_1_131' title='bbox 251 1683 388 1720; x_wconf 85' lang='lat' dir='ltr'><strong>mas</strong></span> <span class='ocrx_word' id='word_1_132' title='bbox 448 1662 734 1740; x_wconf 74' lang='lat' dir='ltr'><strong>accipere</strong></span> <span class='ocrx_word' id='word_1_133' title='bbox 783 1682 819 1719; x_wconf 81' lang='lat' dir='ltr'><strong>a</strong></span> <span class='ocrx_word' id='word_1_134' title='bbox 866 1661 1284 1741; x_wconf 83' lang='lat' dir='ltr'><strong>popularibus</strong></span> <span class='ocrx_word' id='word_1_135' title='bbox 1358 1661 1598 1718; x_wconf 75' lang='lat' dir='ltr'><strong>blicam</strong></span> <span class='ocrx_word' id='word_1_136' title='bbox 1619 1669 1996 1741; x_wconf 80' lang='lat' dir='ltr'><strong>potestatem</strong></span> <span class='ocrx_word' id='word_1_137' title='bbox 2021 1662 2390 1738; x_wconf 75' lang='lat' dir='ltr'><strong>illicitaest,</strong></span> 
     </span>
     <span class='ocr_line' id='line_1_18' title="bbox 262 1743 2396 1826; baseline -0 -21"><span class='ocrx_word' id='word_1_138' title='bbox 262 1747 531 1807; x_wconf 82' lang='lat' dir='ltr'><strong>alicuius</strong></span> <span class='ocrx_word' id='word_1_139' title='bbox 571 1745 904 1826; x_wconf 75' lang='lat' dir='ltr'><strong>dngnitatis</strong></span> <span class='ocrx_word' id='word_1_140' title='bbox 929 1754 1059 1821; x_wconf 87' lang='lat' dir='ltr'><strong>est,</strong></span> <span class='ocrx_word' id='word_1_141' title='bbox 1087 1743 1288 1804; x_wconf 87' lang='lat' dir='ltr'><strong>Hebr.</strong></span> <span class='ocrx_word' id='word_1_142' title='bbox 1360 1744 1598 1804; x_wconf 76' lang='lat' dir='ltr'><strong>Matth.</strong></span> <span class='ocrx_word' id='word_1_143' title='bbox 1638 1749 1704 1806; x_wconf 78' lang='lat'><strong>5:</strong></span> <span class='ocrx_word' id='word_1_144' title='bbox 1748 1759 1870 1819; x_wconf 81' lang='grc' dir='ltr'><strong>4ο,</strong></span> <span class='ocrx_word' id='word_1_145' title='bbox 1925 1745 2021 1804; x_wconf 77' lang='grc' dir='ltr'><strong>26ε</strong></span> <span class='ocrx_word' id='word_1_146' title='bbox 2068 1749 2175 1805; x_wconf 84' lang='grc'><strong>52.</strong></span> <span class='ocrx_word' id='word_1_147' title='bbox 2260 1748 2396 1804; x_wconf 80' lang='lat' dir='ltr'><strong>De·</strong></span> 
     </span>
     <span class='ocr_line' id='line_1_19' title="bbox 224 1829 2391 1907; baseline 0 -18"><span class='ocrx_word' id='word_1_148' title='bbox 224 1852 320 1907; x_wconf 87' lang='lat'><strong>·7:</strong></span> <span class='ocrx_word' id='word_1_149' title='bbox 367 1833 431 1889; x_wconf 84' lang='lat'><strong>5.</strong></span> <span class='ocrx_word' id='word_1_150' title='bbox 1356 1829 1646 1887; x_wconf 84' lang='lat' dir='ltr'><strong>fensioni</strong></span> <span class='ocrx_word' id='word_1_151' title='bbox 1727 1829 1988 1907; x_wconf 75' lang='lat' dir='ltr'><strong>quaudo</strong></span> <span class='ocrx_word' id='word_1_152' title='bbox 2072 1830 2391 1890; x_wconf 82' lang='lat' dir='ltr'><strong>lilentium</strong></span> 
     </span>
     <span class='ocr_line' id='line_1_20' title="bbox 215 1911 2255 1989; baseline -0.001 -17"><span class='ocrx_word' id='word_1_153' title='bbox 215 1916 553 1974; x_wconf 78' lang='lat' dir='ltr'><strong>Decretum</strong></span> <span class='ocrx_word' id='word_1_154' title='bbox 584 1912 703 1971; x_wconf 88' lang='lat' dir='ltr'><strong>Dei</strong></span> <span class='ocrx_word' id='word_1_155' title='bbox 736 1911 976 1971; x_wconf 87' lang='lat' dir='ltr'><strong>dicitur</strong></span> <span class='ocrx_word' id='word_1_156' title='bbox 1009 1933 1149 1972; x_wconf 91' lang='lat' dir='ltr'><strong>esse</strong></span> <span class='ocrx_word' id='word_1_157' title='bbox 1177 1913 1287 1970; x_wconf 88' lang='lat' dir='ltr'><strong>de·</strong></span> <span class='ocrx_word' id='word_1_158' title='bbox 1362 1922 1643 1989; x_wconf 75' lang='lat' dir='ltr'><strong>praestet</strong></span> <span class='ocrx_word' id='word_1_159' title='bbox 1665 1956 1684 1985; x_wconf 87' lang='lat'><strong>,</strong></span> <span class='ocrx_word' id='word_1_160' title='bbox 1731 1914 1964 1973; x_wconf 75' lang='lat' dir='ltr'><strong>Mattb.</strong></span> <span class='ocrx_word' id='word_1_161' title='bbox 2007 1914 2107 1973; x_wconf 79' lang='lat'><strong>26:</strong></span> <span class='ocrx_word' id='word_1_162' title='bbox 2152 1915 2255 1973; x_wconf 82' lang='lat'><strong>63.</strong></span> 
     </span>
     <span class='ocr_line' id='line_1_21' title="bbox 258 1996 2393 2072; baseline 0 -14"><span class='ocrx_word' id='word_1_163' title='bbox 258 2000 508 2058; x_wconf 82' lang='lat' dir='ltr'><strong>finitum</strong></span> <span class='ocrx_word' id='word_1_164' title='bbox 557 1996 633 2055; x_wconf 90' lang='lat' dir='ltr'><strong>de</strong></span> <span class='ocrx_word' id='word_1_165' title='bbox 680 2006 966 2072; x_wconf 75' lang='lat' dir='ltr'><strong>eventu,</strong></span> <span class='ocrx_word' id='word_1_166' title='bbox 1026 2018 1160 2055; x_wconf 87' lang='lat' dir='ltr'><strong>non</strong></span> <span class='ocrx_word' id='word_1_167' title='bbox 1210 1997 1288 2054; x_wconf 90' lang='lat' dir='ltr'><strong>de</strong></span> <span class='ocrx_word' id='word_1_168' title='bbox 1322 1996 1716 2055; x_wconf 81' lang='lat' dir='ltr'><strong>Deficientes</strong></span> <span class='ocrx_word' id='word_1_169' title='bbox 1765 1998 2133 2056; x_wconf 77' lang='lat' dir='ltr'><strong>voluntarie</strong></span> <span class='ocrx_word' id='word_1_170' title='bbox 2181 2019 2217 2055; x_wconf 73' lang='lat' dir='ltr'><strong>a</strong></span> <span class='ocrx_word' id='word_1_171' title='bbox 2265 1997 2393 2058; x_wconf 79' lang='lat' dir='ltr'><strong>fide</strong></span> 
     </span>
     <span class='ocr_line' id='line_1_22' title="bbox 261 2080 2399 2161; baseline 0 -21"><span class='ocrx_word' id='word_1_172' title='bbox 261 2083 621 2141; x_wconf 76' lang='lat' dir='ltr'><strong>actionibus</strong></span> <span class='ocrx_word' id='word_1_173' title='bbox 681 2080 1007 2141; x_wconf 87' lang='lat' dir='ltr'><strong>hominum</strong></span> <span class='ocrx_word' id='word_1_174' title='bbox 1038 2125 1057 2154; x_wconf 88' lang='lat'>,</span> <span class='ocrx_word' id='word_1_175' title='bbox 1128 2082 1288 2142; x_wconf 88' lang='lat' dir='ltr'><strong>Luc.</strong></span> <span class='ocrx_word' id='word_1_176' title='bbox 1364 2080 1743 2139; x_wconf 83' lang='lat' dir='ltr'><strong>Christiana</strong></span> <span class='ocrx_word' id='word_1_177' title='bbox 1785 2101 1900 2161; x_wconf 84' lang='lat' dir='ltr'><strong>per</strong></span> <span class='ocrx_word' id='word_1_178' title='bbox 1943 2081 2154 2138; x_wconf 82' lang='lat' dir='ltr'><strong>nullas</strong></span> <span class='ocrx_word' id='word_1_179' title='bbox 2197 2081 2399 2140; x_wconf 78' lang='lat' dir='ltr'><strong>victi-</strong></span> 
     </span>
    </p>

    <p class='ocr_par' dir='ltr' id='par_1_12' title="bbox 260 2162 2392 2241">
     <span class='ocr_line' id='line_1_23' title="bbox 260 2162 2392 2241; baseline 0 -15"><span class='ocrx_word' id='word_1_180' title='bbox 260 2188 361 2226; x_wconf 79' lang='lat'><strong>22:</strong></span> <span class='ocrx_word' id='word_1_181' title='bbox 420 2187 518 2226; x_wconf 80' lang='lat'><strong>22.</strong></span> <span class='ocrx_word' id='word_1_182' title='bbox 602 2167 945 2227; x_wconf 83' lang='lat' dir='ltr'><strong>Decretum</strong></span> <span class='ocrx_word' id='word_1_183' title='bbox 1021 2166 1135 2225; x_wconf 88' lang='lat' dir='ltr'><strong>Dei</strong></span> <span class='ocrx_word' id='word_1_184' title='bbox 1208 2165 1287 2223; x_wconf 91' lang='lat' dir='ltr'><strong>de</strong></span> <span class='ocrx_word' id='word_1_185' title='bbox 1361 2185 1495 2223; x_wconf 87' lang='lat' dir='ltr'><strong>mas</strong></span> <span class='ocrx_word' id='word_1_186' title='bbox 1551 2164 1993 2241; x_wconf 57' lang='lat' dir='ltr'><strong>mirabuntur,</strong></span> <span class='ocrx_word' id='word_1_187' title='bbox 2044 2162 2243 2223; x_wconf 83' lang='lat' dir='ltr'><strong>Hebr.</strong></span> <span class='ocrx_word' id='word_1_188' title='bbox 2293 2181 2392 2227; x_wconf 88' lang='lat'><strong>10:</strong></span> 
     </span>
    </p>

    <p class='ocr_par' dir='ltr' id='par_1_13' title="bbox 262 2251 1465 2326">
     <span class='ocr_line' id='line_1_24' title="bbox 262 2251 1465 2326; baseline -0.003 -16"><span class='ocrx_word' id='word_1_189' title='bbox 262 2252 517 2310; x_wconf 86' lang='lat' dir='ltr'><strong>Christo</strong></span> <span class='ocrx_word' id='word_1_190' title='bbox 550 2251 908 2309; x_wconf 81' lang='lat' dir='ltr'><strong>exaltando</strong></span> <span class='ocrx_word' id='word_1_191' title='bbox 933 2295 949 2324; x_wconf 87' lang='lat'><strong><em>,</em></strong></span> <span class='ocrx_word' id='word_1_192' title='bbox 997 2251 1156 2310; x_wconf 89' lang='lat' dir='ltr'><strong>Luc.</strong></span> <span class='ocrx_word' id='word_1_193' title='bbox 1185 2268 1281 2318; x_wconf 63' lang='lat'><strong>24:</strong></span> <span class='ocrx_word' id='word_1_194' title='bbox 1365 2268 1465 2326; x_wconf 83' lang='grc'><strong>27.</strong></span> 
     </span>
    </p>

    <p class='ocr_par' dir='ltr' id='par_1_14' title="bbox 250 2330 2408 3935">
     <span class='ocr_line' id='line_1_25' title="bbox 261 2330 2401 2414; baseline -0.001 -20"><span class='ocrx_word' id='word_1_195' title='bbox 261 2337 341 2394; x_wconf 91' lang='grc'><strong>26</strong></span> <span class='ocrx_word' id='word_1_196' title='bbox 366 2381 381 2408; x_wconf 86' lang='grc'><em>,</em></span> <span class='ocrx_word' id='word_1_197' title='bbox 407 2335 547 2394; x_wconf 76' lang='lat'><em>1011.</em></span> <span class='ocrx_word' id='word_1_198' title='bbox 577 2355 630 2414; x_wconf 84' lang='lat'><strong>3:</strong></span> <span class='ocrx_word' id='word_1_199' title='bbox 667 2349 778 2408; x_wconf 78' lang='lat'><strong>143</strong></span> <span class='ocrx_word' id='word_1_200' title='bbox 828 2335 906 2393; x_wconf 88' lang='lat' dir='ltr'><strong>de</strong></span> <span class='ocrx_word' id='word_1_201' title='bbox 941 2336 1287 2393; x_wconf 81' lang='lat' dir='ltr'><strong>vocatione</strong></span> <span class='ocrx_word' id='word_1_202' title='bbox 1322 2330 2401 2411; x_wconf 74' lang='lat' dir='ltr'><strong>DesectioaChristianismoquau-</strong></span> 
     </span>
     <span class='ocr_line' id='line_1_26' title="bbox 259 2415 2399 2500; baseline 0 -22"><span class='ocrx_word' id='word_1_203' title='bbox 259 2422 540 2500; x_wconf 84' lang='lat' dir='ltr'><strong>gentium</strong></span> <span class='ocrx_word' id='word_1_204' title='bbox 571 2421 740 2479; x_wconf 89' lang='lat' dir='ltr'><strong>Deus</strong></span> <span class='ocrx_word' id='word_1_205' title='bbox 766 2440 881 2499; x_wconf 86' lang='lat' dir='ltr'><strong>per</strong></span> <span class='ocrx_word' id='word_1_206' title='bbox 907 2419 1115 2479; x_wconf 85' lang='lat' dir='ltr'><strong>lesum</strong></span> <span class='ocrx_word' id='word_1_207' title='bbox 1143 2437 1288 2498; x_wconf 79' lang='lat' dir='ltr'><strong>ape·</strong></span> <span class='ocrx_word' id='word_1_208' title='bbox 1360 2428 1491 2475; x_wconf 87' lang='lat' dir='ltr'><strong>tum</strong></span> <span class='ocrx_word' id='word_1_209' title='bbox 1522 2417 1606 2474; x_wconf 87' lang='lat' dir='ltr'><strong>sit</strong></span> <span class='ocrx_word' id='word_1_210' title='bbox 1627 2424 1952 2495; x_wconf 87' lang='lat' dir='ltr'><strong>peccatum</strong></span> <span class='ocrx_word' id='word_1_211' title='bbox 1976 2462 1994 2492; x_wconf 90' lang='lat'>‚</span> <span class='ocrx_word' id='word_1_212' title='bbox 2025 2415 2222 2474; x_wconf 81' lang='lat' dir='ltr'><strong>Hebr.</strong></span> <span class='ocrx_word' id='word_1_213' title='bbox 2247 2418 2305 2477; x_wconf 88' lang='lat'><strong>6:</strong></span> <span class='ocrx_word' id='word_1_214' title='bbox 2330 2417 2399 2478; x_wconf 87' lang='grc'><strong>6.</strong></span> 
     </span>
     <span class='ocr_line' id='line_1_27' title="bbox 254 2501 2399 2586; baseline -0.001 -23"><span class='ocrx_word' id='word_1_215' title='bbox 254 2507 433 2581; x_wconf 89' lang='lat' dir='ltr'><strong>ruit,</strong></span> <span class='ocrx_word' id='word_1_216' title='bbox 502 2506 645 2564; x_wconf 83' lang='lat' dir='ltr'><strong>Act.</strong></span> <span class='ocrx_word' id='word_1_217' title='bbox 712 2522 807 2565; x_wconf 84' lang='lat' dir='ltr'><strong>lo:</strong></span> <span class='ocrx_word' id='word_1_218' title='bbox 864 2504 964 2586; x_wconf 82' lang='lat'><strong>36.</strong></span> <span class='ocrx_word' id='word_1_219' title='bbox 1053 2505 1288 2564; x_wconf 83' lang='lat' dir='ltr'><strong>Decre·</strong></span> <span class='ocrx_word' id='word_1_220' title='bbox 1366 2502 1490 2562; x_wconf 81' lang='lat' dir='ltr'><strong>Oui</strong></span> <span class='ocrx_word' id='word_1_221' title='bbox 1530 2501 2099 2581; x_wconf 79' lang='lat' dir='ltr'><strong>reicompuretur.</strong></span> <span class='ocrx_word' id='word_1_222' title='bbox 2163 2502 2399 2561; x_wconf 84' lang='lat' dir='ltr'><strong>Desec-</strong></span> 
     </span>
     <span class='ocr_line' id='line_1_28' title="bbox 254 2585 2402 2667; baseline 0 -21"><span class='ocrx_word' id='word_1_223' title='bbox 254 2600 387 2646; x_wconf 86' lang='lat' dir='ltr'><strong>tum</strong></span> <span class='ocrx_word' id='word_1_224' title='bbox 438 2590 557 2648; x_wconf 89' lang='lat' dir='ltr'><strong>Dei</strong></span> <span class='ocrx_word' id='word_1_225' title='bbox 595 2590 897 2650; x_wconf 79' lang='lat' dir='ltr'><strong>benevoli</strong></span> <span class='ocrx_word' id='word_1_226' title='bbox 936 2589 1015 2647; x_wconf 87' lang='lat' dir='ltr'><strong>de</strong></span> <span class='ocrx_word' id='word_1_227' title='bbox 1043 2588 1288 2667; x_wconf 80' lang='lat' dir='ltr'><strong>piorum</strong></span> <span class='ocrx_word' id='word_1_228' title='bbox 1361 2586 1561 2645; x_wconf 86' lang='lat' dir='ltr'><strong>tionis</strong></span> <span class='ocrx_word' id='word_1_229' title='bbox 1607 2586 1868 2645; x_wconf 85' lang='lat' dir='ltr'><strong>initium</strong></span> <span class='ocrx_word' id='word_1_230' title='bbox 1913 2585 2197 2645; x_wconf 79' lang='lat' dir='ltr'><strong>desertio</strong></span> <span class='ocrx_word' id='word_1_231' title='bbox 2240 2606 2402 2646; x_wconf 82' lang='lat' dir='ltr'><strong>con·</strong></span> 
     </span>
     <span class='ocr_line' id='line_1_29' title="bbox 257 2670 2190 2744; baseline -0.002 -13"><span class='ocrx_word' id='word_1_232' title='bbox 257 2676 443 2732; x_wconf 85' lang='lat' dir='ltr'><strong>malis</strong></span> <span class='ocrx_word' id='word_1_233' title='bbox 474 2718 492 2744; x_wconf 89' lang='lat'>,</span> <span class='ocrx_word' id='word_1_234' title='bbox 544 2673 742 2733; x_wconf 77' lang='lat' dir='ltr'><strong>Hebr.</strong></span> <span class='ocrx_word' id='word_1_235' title='bbox 786 2692 879 2734; x_wconf 81' lang='lat'><strong>12:</strong></span> <span class='ocrx_word' id='word_1_236' title='bbox 925 2674 990 2731; x_wconf 89' lang='grc'><strong>6.</strong></span> <span class='ocrx_word' id='word_1_237' title='bbox 1050 2674 1288 2731; x_wconf 88' lang='lat' dir='ltr'><strong>Decre-</strong></span> <span class='ocrx_word' id='word_1_238' title='bbox 1361 2681 1643 2744; x_wconf 81' lang='lat' dir='ltr'><strong>ventus,</strong></span> <span class='ocrx_word' id='word_1_239' title='bbox 1692 2670 1892 2730; x_wconf 85' lang='lat' dir='ltr'><strong>Hebr.</strong></span> <span class='ocrx_word' id='word_1_240' title='bbox 1940 2688 2037 2731; x_wconf 71' lang='lat'><strong>102</strong></span> <span class='ocrx_word' id='word_1_241' title='bbox 2091 2674 2190 2731; x_wconf 79' lang='lat'><strong>25.</strong></span> 
     </span>
     <span class='ocr_line' id='line_1_30' title="bbox 253 2755 2401 2839; baseline 0 -24"><span class='ocrx_word' id='word_1_242' title='bbox 253 2766 388 2815; x_wconf 80' lang='lat' dir='ltr'><strong>turn</strong></span> <span class='ocrx_word' id='word_1_243' title='bbox 420 2758 761 2818; x_wconf 87' lang='lat' dir='ltr'><strong>DeiPatris</strong></span> <span class='ocrx_word' id='word_1_244' title='bbox 784 2757 1085 2839; x_wconf 88' lang='lat' dir='ltr'><strong>generale</strong></span> <span class='ocrx_word' id='word_1_245' title='bbox 1108 2755 1289 2835; x_wconf 87' lang='lat' dir='ltr'><strong>quid,</strong></span> <span class='ocrx_word' id='word_1_246' title='bbox 1326 2755 1701 2815; x_wconf 81' lang='lat' dir='ltr'><strong>Defectores</strong></span> <span class='ocrx_word' id='word_1_247' title='bbox 1762 2755 1907 2814; x_wconf 83' lang='lat' dir='ltr'><strong>fieri</strong></span> <span class='ocrx_word' id='word_1_248' title='bbox 1966 2763 2238 2835; x_wconf 79' lang='lat' dir='ltr'><strong>possunt</strong></span> <span class='ocrx_word' id='word_1_249' title='bbox 2288 2755 2401 2835; x_wconf 86' lang='lat' dir='ltr'><strong>qui</strong></span> 
     </span>
     <span class='ocr_line' id='line_1_31' title="bbox 256 2839 2397 2922; baseline -0.001 -19"><span class='ocrx_word' id='word_1_250' title='bbox 256 2842 399 2903; x_wconf 84' lang='lat' dir='ltr'><strong>Ioh.</strong></span> <span class='ocrx_word' id='word_1_251' title='bbox 457 2843 519 2901; x_wconf 71' lang='grc' dir='ltr'><strong>δι</strong></span> <span class='ocrx_word' id='word_1_252' title='bbox 573 2863 671 2922; x_wconf 87' lang='lat'><strong>39.</strong></span> <span class='ocrx_word' id='word_1_253' title='bbox 754 2841 1014 2902; x_wconf 74' lang='lat' dir='ltr'><strong>Deci-eti</strong></span> <span class='ocrx_word' id='word_1_254' title='bbox 1066 2840 1289 2900; x_wconf 79' lang='lat' dir='ltr'><strong>nivini</strong></span> <span class='ocrx_word' id='word_1_255' title='bbox 1362 2842 1492 2898; x_wconf 81' lang='lat' dir='ltr'><strong>iam</strong></span> <span class='ocrx_word' id='word_1_256' title='bbox 1590 2849 1979 2919; x_wconf 85' lang='lat' dir='ltr'><strong>acceperunt</strong></span> <span class='ocrx_word' id='word_1_257' title='bbox 2078 2839 2397 2919; x_wconf 85' lang='lat' dir='ltr'><strong>Spiritum</strong></span> 
     </span>
     <span class='ocr_line' id='line_1_32' title="bbox 253 2923 2398 3006; baseline -0.001 -21"><span class='ocrx_word' id='word_1_258' title='bbox 253 2929 328 2985; x_wconf 87' lang='lat' dir='ltr'><strong>iu</strong></span> <span class='ocrx_word' id='word_1_259' title='bbox 377 2931 827 3005; x_wconf 80' lang='lat' dir='ltr'><strong>mysteriorum</strong></span> <span class='ocrx_word' id='word_1_260' title='bbox 886 2927 1290 2986; x_wconf 77' lang='lat' dir='ltr'><strong>revelatione</strong></span> <span class='ocrx_word' id='word_1_261' title='bbox 1366 2926 1717 2999; x_wconf 83' lang='lat' dir='ltr'><strong>Sanctum&#39;,</strong></span> <span class='ocrx_word' id='word_1_262' title='bbox 1754 2923 1949 2983; x_wconf 85' lang='lat' dir='ltr'><strong>Hebr.</strong></span> <span class='ocrx_word' id='word_1_263' title='bbox 1975 2924 2033 2982; x_wconf 85' lang='lat'><strong>6:</strong></span> <span class='ocrx_word' id='word_1_264' title='bbox 2063 2925 2137 2996; x_wconf 85' lang='lat'><strong>6,</strong></span> <span class='ocrx_word' id='word_1_265' title='bbox 2171 2942 2266 2986; x_wconf 86' lang='lat'><strong>10:</strong></span> <span class='ocrx_word' id='word_1_266' title='bbox 2298 2943 2398 3006; x_wconf 90' lang='grc'><strong>29.</strong></span> 
     </span>
     <span class='ocr_line' id='line_1_33' title="bbox 252 3007 2398 3090; baseline -0.001 -21"><span class='ocrx_word' id='word_1_267' title='bbox 252 3012 546 3088; x_wconf 76' lang='lat' dir='ltr'><strong>aequitas</strong></span> <span class='ocrx_word' id='word_1_268' title='bbox 581 3026 647 3070; x_wconf 88' lang='lat' dir='ltr'><strong>et</strong></span> <span class='ocrx_word' id='word_1_269' title='bbox 678 3012 1032 3090; x_wconf 81' lang='lat' dir='ltr'><strong>sapientia,</strong></span> <span class='ocrx_word' id='word_1_270' title='bbox 1062 3009 1293 3069; x_wconf 76' lang='lat' dir='ltr'><strong>Mauh.</strong></span> <span class='ocrx_word' id='word_1_271' title='bbox 1325 3009 1671 3067; x_wconf 73' lang='lat' dir='ltr'><strong>Deiotarus</strong></span> <span class='ocrx_word' id='word_1_272' title='bbox 1729 3029 1763 3064; x_wconf 89' lang='lat' dir='ltr'><strong>a</strong></span> <span class='ocrx_word' id='word_1_273' title='bbox 1810 3009 2057 3070; x_wconf 77' lang='lat' dir='ltr'><strong>Senatu</strong></span> <span class='ocrx_word' id='word_1_274' title='bbox 2109 3007 2398 3067; x_wconf 82' lang='lat' dir='ltr'><strong>Romano</strong></span> 
     </span>
     <span class='ocr_line' id='line_1_34' title="bbox 258 3092 2400 3174; baseline -0.003 -19"><span class='ocrx_word' id='word_1_275' title='bbox 258 3111 359 3155; x_wconf 81' lang='lat'><strong>11:</strong></span> <span class='ocrx_word' id='word_1_276' title='bbox 415 3099 535 3169; x_wconf 79' lang='lat'><strong>253</strong></span> <span class='ocrx_word' id='word_1_277' title='bbox 609 3095 1020 3174; x_wconf 82' lang='lat' dir='ltr'><strong>peremptorii</strong></span> <span class='ocrx_word' id='word_1_278' title='bbox 1076 3114 1293 3152; x_wconf 78' lang='lat' dir='ltr'><strong>exem·</strong></span> <span class='ocrx_word' id='word_1_279' title='bbox 1373 3094 1506 3151; x_wconf 81' lang='lat' dir='ltr'><strong>Rex</strong></span> <span class='ocrx_word' id='word_1_280' title='bbox 1557 3092 1958 3169; x_wconf 81' lang='lat' dir='ltr'><strong>appellatus,</strong></span> <span class='ocrx_word' id='word_1_281' title='bbox 2006 3092 2153 3148; x_wconf 86' lang='lat' dir='ltr'><strong>Act.</strong></span> <span class='ocrx_word' id='word_1_282' title='bbox 2200 3107 2296 3168; x_wconf 86' lang='lat'><strong>17:</strong></span> <span class='ocrx_word' id='word_1_283' title='bbox 2337 3110 2400 3169; x_wconf 85' lang='lat'><strong>7.</strong></span> 
     </span>
     <span class='ocr_line' id='line_1_35' title="bbox 250 3174 2401 3260; baseline -0.002 -23"><span class='ocrx_word' id='word_1_284' title='bbox 250 3182 428 3260; x_wconf 77' lang='lat' dir='ltr'><strong>plum</strong></span> <span class='ocrx_word' id='word_1_285' title='bbox 457 3224 476 3254; x_wconf 86' lang='lat'><em>,</em></span> <span class='ocrx_word' id='word_1_286' title='bbox 552 3180 707 3240; x_wconf 90' lang='lat' dir='ltr'><strong>Luc.</strong></span> <span class='ocrx_word' id='word_1_287' title='bbox 761 3198 856 3240; x_wconf 88' lang='lat'><strong>10:</strong></span> <span class='ocrx_word' id='word_1_288' title='bbox 911 3199 1027 3254; x_wconf 81' lang='lat'><strong>20,</strong></span> <span class='ocrx_word' id='word_1_289' title='bbox 1090 3177 1294 3236; x_wconf 86' lang='lat' dir='ltr'><strong>Hebr.</strong></span> <span class='ocrx_word' id='word_1_290' title='bbox 1367 3176 1444 3235; x_wconf 86' lang='lat' dir='ltr'><strong>Ei</strong></span> <span class='ocrx_word' id='word_1_291' title='bbox 1485 3176 1556 3233; x_wconf 87' lang='lat' dir='ltr'><strong>in</strong></span> <span class='ocrx_word' id='word_1_292' title='bbox 1593 3174 1792 3232; x_wconf 85' lang='lat' dir='ltr'><strong>multa</strong></span> <span class='ocrx_word' id='word_1_293' title='bbox 1817 3182 2148 3232; x_wconf 78' lang='lat' dir='ltr'><strong>senectute</strong></span> <span class='ocrx_word' id='word_1_294' title='bbox 2174 3174 2401 3232; x_wconf 82' lang='lat' dir='ltr'><strong>urbem</strong></span> 
     </span>
     <span class='ocr_line' id='line_1_36' title="bbox 260 3256 2399 3344; baseline -0.002 -23"><span class='ocrx_word' id='word_1_295' title='bbox 260 3284 319 3344; x_wconf 74' lang='lat'><strong>3:</strong></span> <span class='ocrx_word' id='word_1_296' title='bbox 374 3281 469 3342; x_wconf 83' lang='lat'><strong>19.</strong></span> <span class='ocrx_word' id='word_1_297' title='bbox 543 3266 820 3324; x_wconf 75' lang='lat' dir='ltr'><strong>Deci-eto</strong></span> <span class='ocrx_word' id='word_1_298' title='bbox 847 3310 863 3338; x_wconf 88' lang='lat'>,</span> <span class='ocrx_word' id='word_1_299' title='bbox 907 3259 1293 3323; x_wconf 84' lang='lat' dir='ltr'><strong>excludente</strong></span> <span class='ocrx_word' id='word_1_300' title='bbox 1367 3259 1678 3318; x_wconf 81' lang='lat' dir='ltr'><strong>condenti</strong></span> <span class='ocrx_word' id='word_1_301' title='bbox 1721 3257 1877 3337; x_wconf 87' lang='lat' dir='ltr'><strong>quid</strong></span> <span class='ocrx_word' id='word_1_302' title='bbox 1902 3258 2139 3317; x_wconf 81' lang='lat' dir='ltr'><strong>dictum</strong></span> <span class='ocrx_word' id='word_1_303' title='bbox 2165 3256 2399 3337; x_wconf 85' lang='lat' dir='ltr'><strong>suerit,</strong></span> 
     </span>
     <span class='ocr_line' id='line_1_37' title="bbox 260 3343 1853 3407; baseline -0.001 -1"><span class='ocrx_word' id='word_1_304' title='bbox 260 3368 509 3407; x_wconf 85' lang='lat' dir='ltr'><strong>omnem</strong></span> <span class='ocrx_word' id='word_1_305' title='bbox 560 3358 769 3407; x_wconf 86' lang='lat' dir='ltr'><strong>actum</strong></span> <span class='ocrx_word' id='word_1_306' title='bbox 818 3348 1139 3406; x_wconf 87' lang='lat' dir='ltr'><strong>humanae</strong></span> <span class='ocrx_word' id='word_1_307' title='bbox 1176 3367 1260 3406; x_wconf 79' lang='lat' dir='ltr'><strong>vo</strong></span> <span class='ocrx_word' id='word_1_308' title='bbox 1366 3343 1599 3405; x_wconf 73' lang='lat' dir='ltr'><strong>Matth.</strong></span> <span class='ocrx_word' id='word_1_309' title='bbox 1643 3361 1743 3404; x_wconf 85' lang='lat'><strong>20:</strong></span> <span class='ocrx_word' id='word_1_310' title='bbox 1791 3343 1853 3405; x_wconf 88' lang='grc'><strong>6.</strong></span> 
     </span>
     <span class='ocr_line' id='line_1_38' title="bbox 261 3426 2407 3506; baseline -0.002 -16"><span class='ocrx_word' id='word_1_311' title='bbox 261 3433 564 3506; x_wconf 83' lang='lat' dir='ltr'><strong>luntatis,</strong></span> <span class='ocrx_word' id='word_1_312' title='bbox 591 3454 894 3492; x_wconf 86' lang='lat' dir='ltr'><strong>numerus</strong></span> <span class='ocrx_word' id='word_1_313' title='bbox 938 3432 1296 3491; x_wconf 78' lang='lat' dir='ltr'><strong>servando-</strong></span> <span class='ocrx_word' id='word_1_314' title='bbox 1327 3432 1701 3490; x_wconf 83' lang='lat' dir='ltr'><strong>Deletorum</strong></span> <span class='ocrx_word' id='word_1_315' title='bbox 1747 3449 1784 3486; x_wconf 94' lang='lat' dir='ltr'><strong>e</strong></span> <span class='ocrx_word' id='word_1_316' title='bbox 1820 3427 1994 3486; x_wconf 83' lang='lat' dir='ltr'><strong>libro</strong></span> <span class='ocrx_word' id='word_1_317' title='bbox 2017 3426 2195 3487; x_wconf 80' lang='lat' dir='ltr'><strong>vitae</strong></span> <span class='ocrx_word' id='word_1_318' title='bbox 2218 3426 2407 3486; x_wconf 81' lang='lat' dir='ltr'><strong>nulla.</strong></span> 
     </span>
     <span class='ocr_line' id='line_1_39' title="bbox 256 3512 2405 3591; baseline -0.002 -16"><span class='ocrx_word' id='word_1_319' title='bbox 256 3519 401 3575; x_wconf 84' lang='lat' dir='ltr'><strong>rum</strong></span> <span class='ocrx_word' id='word_1_320' title='bbox 448 3539 580 3575; x_wconf 88' lang='lat' dir='ltr'><strong>non</strong></span> <span class='ocrx_word' id='word_1_321' title='bbox 623 3527 720 3577; x_wconf 88' lang='lat' dir='ltr'><strong>est</strong></span> <span class='ocrx_word' id='word_1_322' title='bbox 766 3518 1104 3591; x_wconf 82' lang='lat' dir='ltr'><strong>delinitus,</strong></span> <span class='ocrx_word' id='word_1_323' title='bbox 1138 3515 1295 3574; x_wconf 89' lang='lat' dir='ltr'><strong>Luc.</strong></span> <span class='ocrx_word' id='word_1_324' title='bbox 1365 3513 1711 3574; x_wconf 80' lang='lat' dir='ltr'><strong>habebitur</strong></span> <span class='ocrx_word' id='word_1_325' title='bbox 1735 3512 1940 3587; x_wconf 86' lang='lat' dir='ltr'><strong>ratio,</strong></span> <span class='ocrx_word' id='word_1_326' title='bbox 1967 3513 2168 3591; x_wconf 88' lang='lat' dir='ltr'><strong>Apoo.</strong></span> <span class='ocrx_word' id='word_1_327' title='bbox 2185 3525 2405 3570; x_wconf 80' lang='lat'>20:12.</span> 
     </span>
     <span class='ocr_line' id='line_1_40' title="bbox 267 3596 2406 3682; baseline -0.004 -21"><span class='ocrx_word' id='word_1_328' title='bbox 267 3617 364 3681; x_wconf 83' lang='lat'><strong>13:</strong></span> <span class='ocrx_word' id='word_1_329' title='bbox 413 3617 512 3671; x_wconf 92' lang='grc'><strong>24.</strong></span> <span class='ocrx_word' id='word_1_330' title='bbox 576 3602 849 3662; x_wconf 84' lang='lat' dir='ltr'><strong>Decreto</strong></span> <span class='ocrx_word' id='word_1_331' title='bbox 891 3621 1027 3659; x_wconf 86' lang='lat' dir='ltr'><strong>non</strong></span> <span class='ocrx_word' id='word_1_332' title='bbox 1072 3619 1294 3682; x_wconf 86' lang='lat' dir='ltr'><strong>parum</strong></span> <span class='ocrx_word' id='word_1_333' title='bbox 1325 3597 1614 3668; x_wconf 81' lang='lat' dir='ltr'><strong>Delicati</strong></span> <span class='ocrx_word' id='word_1_334' title='bbox 1653 3599 1916 3676; x_wconf 82' lang='lat' dir='ltr'><strong>quinam</strong></span> <span class='ocrx_word' id='word_1_335' title='bbox 1958 3596 2406 3671; x_wconf 80' lang='lat' dir='ltr'><strong>vocabantur,</strong></span> 
     </span>
     <span class='ocr_line' id='line_1_41' title="bbox 256 3683 2214 3763; baseline -0.003 -20"><span class='ocrx_word' id='word_1_336' title='bbox 256 3687 567 3763; x_wconf 78' lang='lat' dir='ltr'><strong>ponderis</strong></span> <span class='ocrx_word' id='word_1_337' title='bbox 605 3686 820 3746; x_wconf 80' lang='lat' dir='ltr'><strong>adfert</strong></span> <span class='ocrx_word' id='word_1_338' title='bbox 851 3706 1123 3743; x_wconf 86' lang='lat' dir='ltr'><strong>concors</strong></span> <span class='ocrx_word' id='word_1_339' title='bbox 1152 3704 1295 3742; x_wconf 86' lang='lat' dir='ltr'><strong>sen·</strong></span> <span class='ocrx_word' id='word_1_340' title='bbox 1372 3683 1558 3741; x_wconf 85' lang='lat' dir='ltr'><strong>Rom.</strong></span> <span class='ocrx_word' id='word_1_341' title='bbox 1608 3699 1661 3740; x_wconf 81' lang='lat'><strong>2:</strong></span> <span class='ocrx_word' id='word_1_342' title='bbox 1716 3698 1774 3741; x_wconf 85' lang='lat'><strong>1.</strong></span> <span class='ocrx_word' id='word_1_343' title='bbox 2211 3711 2214 3714; x_wconf 96' lang='lat'>·</span> 
     </span>
     <span class='ocr_line' id='line_1_42' title="bbox 251 3760 2408 3846; baseline -0.002 -20"><span class='ocrx_word' id='word_1_344' title='bbox 251 3773 466 3827; x_wconf 80' lang='lat' dir='ltr'><strong>tentia</strong></span> <span class='ocrx_word' id='word_1_345' title='bbox 494 3816 513 3846; x_wconf 90' lang='lat'><em>,</em></span> <span class='ocrx_word' id='word_1_346' title='bbox 566 3772 708 3829; x_wconf 85' lang='lat' dir='ltr'><strong>Act.</strong></span> <span class='ocrx_word' id='word_1_347' title='bbox 756 3774 850 3831; x_wconf 83' lang='lat'><strong>15:</strong></span> <span class='ocrx_word' id='word_1_348' title='bbox 899 3784 1000 3840; x_wconf 85' lang='grc'><strong>24.</strong></span> <span class='ocrx_word' id='word_1_349' title='bbox 1058 3770 1298 3827; x_wconf 89' lang='lat' dir='ltr'><strong>Decre-</strong></span> <span class='ocrx_word' id='word_1_350' title='bbox 1329 3767 1596 3825; x_wconf 80' lang='lat' dir='ltr'><strong>Deliciis</strong></span> <span class='ocrx_word' id='word_1_351' title='bbox 1615 3765 1948 3823; x_wconf 81' lang='lat' dir='ltr'><strong>studentes</strong></span> <span class='ocrx_word' id='word_1_352' title='bbox 1971 3760 2408 3843; x_wconf 71' lang='lat' dir='ltr'><strong>pietatemne-</strong></span> 
     </span>
     <span class='ocr_line' id='line_1_43' title="bbox 255 3847 2140 3935; baseline -0.006 -23"><span class='ocrx_word' id='word_1_353' title='bbox 255 3864 328 3912; x_wconf 82' lang='lat' dir='ltr'><strong>ta</strong></span> <span class='ocrx_word' id='word_1_354' title='bbox 376 3856 490 3914; x_wconf 86' lang='lat' dir='ltr'><strong>Dei</strong></span> <span class='ocrx_word' id='word_1_355' title='bbox 532 3855 774 3915; x_wconf 81' lang='lat' dir='ltr'><strong>diversi</strong></span> <span class='ocrx_word' id='word_1_356' title='bbox 813 3863 960 3914; x_wconf 88' lang='lat' dir='ltr'><strong>suut</strong></span> <span class='ocrx_word' id='word_1_357' title='bbox 996 3852 1294 3935; x_wconf 82' lang='lat' dir='ltr'><strong>generis,</strong></span> <span class='ocrx_word' id='word_1_358' title='bbox 1372 3853 1665 3931; x_wconf 78' lang='lat' dir='ltr'><strong>gligunt‚</strong></span> <span class='ocrx_word' id='word_1_359' title='bbox 1719 3847 1880 3906; x_wconf 82' lang='lat' dir='ltr'><strong>Heb.</strong></span> <span class='ocrx_word' id='word_1_360' title='bbox 1932 3851 2030 3907; x_wconf 85' lang='lat'><strong>13:</strong></span> <span class='ocrx_word' id='word_1_361' title='bbox 2078 3864 2140 3923; x_wconf 88' lang='lat'><strong>9.</strong></span> 
     </span>
    </p>

    <p class='ocr_par' dir='ltr' id='par_1_15' title="bbox 256 3927 2432 4436">
     <span class='ocr_line' id='line_1_44' title="bbox 258 3927 2410 4020; baseline -0.006 -19"><span class='ocrx_word' id='word_1_362' title='bbox 258 3939 423 3998; x_wconf 73' lang='lat' dir='ltr'><strong>Luc·</strong></span> <span class='ocrx_word' id='word_1_363' title='bbox 468 3960 523 3999; x_wconf 84' lang='lat'><strong>2:</strong></span> <span class='ocrx_word' id='word_1_364' title='bbox 569 3954 692 4020; x_wconf 78' lang='grc'><strong>34,</strong></span> <span class='ocrx_word' id='word_1_365' title='bbox 732 3938 896 4019; x_wconf 79' lang='lat' dir='ltr'><strong>Eph.</strong></span> <span class='ocrx_word' id='word_1_366' title='bbox 940 3956 994 3998; x_wconf 76' lang='lat'><strong>1:</strong></span> <span class='ocrx_word' id='word_1_367' title='bbox 1040 3942 1102 3999; x_wconf 85' lang='lat'><strong>5.</strong></span> <span class='ocrx_word' id='word_1_368' title='bbox 1168 3938 1290 3995; x_wconf 83' lang='lat' dir='ltr'><strong>De·</strong></span> <span class='ocrx_word' id='word_1_369' title='bbox 1332 3937 1655 3995; x_wconf 77' lang='lat' dir='ltr'><strong>Delictum</strong></span> <span class='ocrx_word' id='word_1_370' title='bbox 1721 3932 1936 3990; x_wconf 80' lang='lat' dir='ltr'><strong>facere</strong></span> <span class='ocrx_word' id='word_1_371' title='bbox 1999 3927 2242 3987; x_wconf 87' lang='lat' dir='ltr'><strong>dicitur</strong></span> <span class='ocrx_word' id='word_1_372' title='bbox 2299 3928 2410 4009; x_wconf 81' lang='lat' dir='ltr'><strong>qui</strong></span> 
     </span>
     <span class='ocr_line' id='line_1_45' title="bbox 257 4013 2432 4094; baseline -0.004 -13"><span class='ocrx_word' id='word_1_373' title='bbox 257 4035 444 4081; x_wconf 86' lang='lat' dir='ltr'><strong>creta</strong></span> <span class='ocrx_word' id='word_1_374' title='bbox 518 4025 702 4083; x_wconf 81' lang='lat' dir='ltr'><strong>firma</strong></span> <span class='ocrx_word' id='word_1_375' title='bbox 754 4033 819 4083; x_wconf 87' lang='lat' dir='ltr'><strong>et</strong></span> <span class='ocrx_word' id='word_1_376' title='bbox 878 4020 1300 4081; x_wconf 84' lang='lat' dir='ltr'><strong>immutabilia</strong></span> <span class='ocrx_word' id='word_1_377' title='bbox 1372 4039 1626 4077; x_wconf 84' lang='lat' dir='ltr'><strong>causam</strong></span> <span class='ocrx_word' id='word_1_378' title='bbox 1675 4013 2095 4094; x_wconf 87' lang='lat' dir='ltr'><strong>delinquendi</strong></span> <span class='ocrx_word' id='word_1_379' title='bbox 2141 4014 2252 4071; x_wconf 78' lang='lat' dir='ltr'><strong>dat</strong></span> <span class='ocrx_word' id='word_1_380' title='bbox 2294 4034 2432 4073; x_wconf 73' lang='lat' dir='ltr'><strong>sua·</strong></span> 
     </span>
     <span class='ocr_line' id='line_1_46' title="bbox 256 4098 2413 4181; baseline -0.005 -15"><span class='ocrx_word' id='word_1_381' title='bbox 256 4109 404 4166; x_wconf 90' lang='lat' dir='ltr'><strong>Deo</strong></span> <span class='ocrx_word' id='word_1_382' title='bbox 432 4109 555 4165; x_wconf 87' lang='lat' dir='ltr'><strong>soli</strong></span> <span class='ocrx_word' id='word_1_383' title='bbox 584 4110 987 4179; x_wconf 87' lang='lat' dir='ltr'><strong>tribuuntur,</strong></span> <span class='ocrx_word' id='word_1_384' title='bbox 1017 4104 1301 4165; x_wconf 82' lang='lat' dir='ltr'><strong>loh.6:6.</strong></span> <span class='ocrx_word' id='word_1_385' title='bbox 1376 4103 1565 4181; x_wconf 83' lang='lat' dir='ltr'><strong>culpa</strong></span> <span class='ocrx_word' id='word_1_386' title='bbox 1586 4147 1604 4177; x_wconf 91' lang='lat'><em>,</em></span> <span class='ocrx_word' id='word_1_387' title='bbox 1641 4100 1842 4159; x_wconf 76' lang='lat' dir='ltr'><strong>Marc.</strong></span> <span class='ocrx_word' id='word_1_388' title='bbox 1873 4117 1968 4160; x_wconf 87' lang='lat'><strong>10:</strong></span> <span class='ocrx_word' id='word_1_389' title='bbox 2003 4114 2102 4159; x_wconf 85' lang='lat'><strong>11.</strong></span> <span class='ocrx_word' id='word_1_390' title='bbox 2149 4098 2413 4156; x_wconf 71' lang='lat' dir='ltr'><strong>Delicta</strong></span> 
     </span>
     <span class='ocr_line' id='line_1_47' title="bbox 256 4183 2418 4273; baseline -0.006 -22"><span class='ocrx_word' id='word_1_391' title='bbox 256 4194 550 4251; x_wconf 86' lang='lat' dir='ltr'><strong>Decreta</strong></span> <span class='ocrx_word' id='word_1_392' title='bbox 588 4193 1046 4273; x_wconf 82' lang='lat' dir='ltr'><strong>Apostolorum</strong></span> <span class='ocrx_word' id='word_1_393' title='bbox 1085 4190 1300 4269; x_wconf 83' lang='lat' dir='ltr'><strong>qualia</strong></span> <span class='ocrx_word' id='word_1_394' title='bbox 1375 4186 1634 4246; x_wconf 84' lang='lat' dir='ltr'><strong>minora</strong></span> <span class='ocrx_word' id='word_1_395' title='bbox 1677 4185 2024 4243; x_wconf 74' lang='lat' dir='ltr'><strong>sacrificiis</strong></span> <span class='ocrx_word' id='word_1_396' title='bbox 2059 4183 2418 4262; x_wconf 77' lang='lat' dir='ltr'><strong>expiaban-</strong></span> 
     </span>
     <span class='ocr_line' id='line_1_48' title="bbox 260 4269 2421 4355; baseline -0.005 -20"><span class='ocrx_word' id='word_1_397' title='bbox 260 4278 753 4354; x_wconf 80' lang='lat' dir='ltr'><strong>comparatione</strong></span> <span class='ocrx_word' id='word_1_398' title='bbox 814 4282 1299 4355; x_wconf 81' lang='lat' dir='ltr'><strong>praeceptorum</strong></span> <span class='ocrx_word' id='word_1_399' title='bbox 1376 4281 1532 4344; x_wconf 84' lang='lat' dir='ltr'><strong>tur,</strong></span> <span class='ocrx_word' id='word_1_400' title='bbox 1593 4269 1954 4329; x_wconf 72' lang='lat' dir='ltr'><strong>maioribus</strong></span> <span class='ocrx_word' id='word_1_401' title='bbox 2015 4269 2259 4328; x_wconf 72' lang='lat' dir='ltr'><strong>mulcta</strong></span> <span class='ocrx_word' id='word_1_402' title='bbox 2309 4274 2421 4325; x_wconf 75' lang='lat' dir='ltr'><strong>sut</strong></span> 
     </span>
     <span class='ocr_line' id='line_1_49' title="bbox 263 4352 2418 4436; baseline -0.006 -15"><span class='ocrx_word' id='word_1_403' title='bbox 263 4360 468 4421; x_wconf 84' lang='lat' dir='ltr'><strong>Mosis</strong></span> <span class='ocrx_word' id='word_1_404' title='bbox 498 4406 515 4436; x_wconf 91' lang='lat'>,</span> <span class='ocrx_word' id='word_1_405' title='bbox 567 4363 711 4422; x_wconf 87' lang='lat' dir='ltr'><strong>Act.</strong></span> <span class='ocrx_word' id='word_1_406' title='bbox 763 4362 858 4423; x_wconf 87' lang='lat'><strong>16:</strong></span> <span class='ocrx_word' id='word_1_407' title='bbox 908 4375 972 4431; x_wconf 90' lang='grc'><strong>4.</strong></span> <span class='ocrx_word' id='word_1_408' title='bbox 1378 4357 1655 4416; x_wconf 84' lang='lat' dir='ltr'><strong>verbera</strong></span> <span class='ocrx_word' id='word_1_409' title='bbox 1712 4352 2218 4426; x_wconf 79' lang='lat' dir='ltr'><strong>indicebantur,</strong></span> <span class='ocrx_word' id='word_1_410' title='bbox 2281 4371 2418 4409; x_wconf 84' lang='lat' dir='ltr'><strong>ma-</strong></span> 
     </span>
    </p>
   </div>
   <div class='ocr_carea' id='block_1_3' title="bbox 222 4438 2416 4594">
    <p class='ocr_par' dir='ltr' id='par_1_16' title="bbox 222 4438 2416 4594">
     <span class='ocr_line' id='line_1_50' title="bbox 222 4438 2416 4573; baseline -0.005 -72"><span class='ocrx_word' id='word_1_411' title='bbox 222 4442 635 4526; x_wconf 76' lang='lat' dir='ltr'><strong>Decumandi</strong></span> <span class='ocrx_word' id='word_1_412' title='bbox 681 4467 813 4506; x_wconf 81' lang='lat' dir='ltr'><strong>vox</strong></span> <span class='ocrx_word' id='word_1_413' title='bbox 861 4446 945 4504; x_wconf 80' lang='lat' dir='ltr'><strong>ad</strong></span> <span class='ocrx_word' id='word_1_414' title='bbox 988 4463 1090 4503; x_wconf 87' lang='lat' dir='ltr'><strong>res</strong></span> <span class='ocrx_word' id='word_1_415' title='bbox 1133 4446 1198 4498; x_wconf 84' lang='lat' dir='ltr'><strong>et</strong></span> <span class='ocrx_word' id='word_1_416' title='bbox 1226 4438 1306 4499; x_wconf 76' lang='lat' dir='ltr'><strong>ad</strong></span> <span class='ocrx_word' id='word_1_417' title='bbox 1380 4441 1703 4500; x_wconf 82' lang='lat' dir='ltr'><strong>ximorum</strong></span> <span class='ocrx_word' id='word_1_418' title='bbox 1764 4458 1975 4521; x_wconf 75' lang='lat' dir='ltr'><strong>poena</strong></span> <span class='ocrx_word' id='word_1_419' title='bbox 2035 4456 2208 4496; x_wconf 81' lang='lat' dir='ltr'><strong>mors</strong></span> <span class='ocrx_word' id='word_1_420' title='bbox 2273 4441 2416 4573; x_wconf 46' lang='lat' dir='ltr'><strong>eng</strong></span> 
     </span>
     <span class='ocr_line' id='line_1_51' title="bbox 1084 4537 2363 4594; baseline -0.001 -20"><span class='ocrx_word' id='word_1_421' title='bbox 1084 4553 1091 4562; x_wconf 62' lang='lat'>¹</span> <span class='ocrx_word' id='word_1_422' title='bbox 2247 4537 2363 4594; x_wconf 68' lang='lat' dir='ltr'><strong>apl!</strong></span> 
     </span>
    </p>
   </div>
   <div class='ocr_carea' id='block_1_4' title="bbox 1288 604 1322 3803">
    <p class='ocr_par' dir='ltr' id='par_1_17' title="bbox 1288 604 1322 3803">
     <span class='ocr_line' id='line_1_52' title="bbox 1288 604 1308 826; baseline 0 -82"><span class='ocrx_word' id='word_1_423' title='bbox 1288 604 1308 826; x_wconf 95' lang='lat' dir='ltr'><strong>   </strong></span> 
     </span>
     <span class='ocr_line' id='line_1_53' title="bbox 1289 826 1309 943; baseline 0 -88"><span class='ocrx_word' id='word_1_424' title='bbox 1289 826 1309 943; x_wconf 95' lang='lat' dir='ltr'><strong>  </strong></span> 
     </span>
     <span class='ocr_line' id='line_1_54' title="bbox 1291 1275 1309 1369; baseline 0 0"><span class='ocrx_word' id='word_1_425' title='bbox 1291 1275 1309 1369; x_wconf 95' lang='lat' dir='ltr'><strong>  </strong></span> 
     </span>
     <span class='ocr_line' id='line_1_55' title="bbox 1291 1526 1311 1621; baseline 0 -5"><span class='ocrx_word' id='word_1_426' title='bbox 1291 1526 1311 1621; x_wconf 95' lang='lat' dir='ltr'><strong>  </strong></span> 
     </span>
     <span class='ocr_line' id='line_1_56' title="bbox 1291 1621 1312 1872; baseline 0 -3"><span class='ocrx_word' id='word_1_427' title='bbox 1291 1621 1312 1872; x_wconf 95' lang='lat' dir='ltr'><strong>   </strong></span> 
     </span>
     <span class='ocr_line' id='line_1_57' title="bbox 1298 3131 1319 3212; baseline 0 1873"><span class='ocrx_word' id='word_1_428' title='bbox 1298 3131 1319 3212; x_wconf 95' lang='lat' dir='ltr'><strong> </strong></span> 
     </span>
     <span class='ocr_line' id='line_1_58' title="bbox 1304 3725 1322 3803; baseline 0 1282"><span class='ocrx_word' id='word_1_429' title='bbox 1304 3725 1322 3803; x_wconf 95' lang='lat' dir='ltr'><strong> </strong></span> 
     </span>
    </p>
   </div>
  </div>
 </body>
</html>
