2779 5085
370 240 492 305 150
1182 217 1213 278 Ι
1277 215 1340 287 ,Ν
1406 214 1466 273 D
1533 213 1584 273 E
1639 214 1711 289 AX

398 379 636 455 libris,
710 376 864 439 Luc.
904 388 991 446 ,43
1052 378 1156 437 3¹.
1240 374 1431 434 Eius-
1506 373 1921 434 multitudine
1965 372 2035 433 in
2079 375 2239 435 urbe
2285 375 2532 453 Roma,

403 466 547 524 dem
607 460 964 541 Euangelio
1021 462 1222 518 utitur
1271 460 1433 519 Ter·
1509 458 1709 534 Apoc.
1782 459 1872 518 16:
1943 462 2005 520 ὅ.
2089 461 2214 520 Pro
2282 462 2535 540 ingenti

398 550 714 608 tullianus
762 546 844 604 ad
897 545 1103 623 ipsum
1155 547 1428 603 convin-
1506 542 1999 601 idololatrarum
2068 544 2532 621 multitudine,

404 633 722 707 cendum,
775 629 927 687 Luc.
976 643 1072 697 243
1124 631 1225 686 25.
1419 687 1428 700 ,
1507 628 1706 702 Apoc.
1771 646 1866 687 2ι3
1926 647 1978 686 ι.
2066 629 2190 687 Pro
2259 632 2531 689 civitate

359 715 896 776 Marcionitarum
935 733 1141 771 mores
1180 710 1427 787 notati,
1504 719 1569 768 et
1647 712 1883 790 populo
1950 712 2244 791 ingenti,
2331 714 2535 792 Apoc.

412 818 432 857 ι
486 800 635 858 Cor.
688 801 779 856 15:
830 815 929 875 29.
1514 812 1604 853 ι23
1659 813 1755 853 12.
1842 795 2018 855 Mare
2079 798 2310 856 cedens
2360 799 2534 857 Isra-

361 883 657 954 Marcus,
708 882 932 958 aliquis
978 878 1217 957 primus
1275 877 1427 939 Hie-

397 966 907 1045 rosolymitanus
957 962 1306 1041 Episcopus
1347 983 1428 1022 ex

402 1052 739 1130 gentibus,
790 1050 988 1126 Apoc.
1036 1066 1128 1106 ιι;
1187 1051 1281 1106 15.

357 1138 615 1197 Marcus
642 1178 659 1206 ,
711 1132 1048 1192 Barnabae
1093 1131 1427 1189 consobri-

399 1241 566 1292 nus,
638 1217 780 1276 Col.
822 1229 885 1285 4:
944 1234 1038 1274 10.
1125 1216 1176 1273 A
1227 1215 1426 1273 Paulo

396 1315 461 1362 et
482 1302 783 1359 Bai-naba
805 1301 1284 1359 commendatus
1298 1299 1423 1357 Co-

395 1386 795 1445 lossensibus
825 1429 843 1458 ,
890 1383 1056 1443 ibid.

356 1462 623 1533 Marcus
660 1468 1071 1546 Euangelista
1107 1466 1268 1525 alius
1304 1466 1427 1525 fuit

396 1575 434 1615 a
486 1552 775 1613 Iohanne
842 1552 1108 1626 Marce,
1180 1552 1424 1610 Mariae
1464 1551 1665 1610 Maria
1710 1551 1914 1611 Mater
1968 1553 2234 1612 Domini
2278 1552 2399 1611 fuit
2443 1572 2530 1611 ex

391 1639 577 1712 filio,
643 1637 979 1696 Barnabae
1041 1636 1425 1715 consangui-
1495 1636 1747 1694 familia
1793 1636 2115 1711 Davidis,
2166 1637 2323 1695 Luc.
2369 1656 2423 1696 23
2460 1641 2526 1698 5.

391 1743 517 1783 neo
543 1765 563 1797 ,
609 1721 902 1799 inscript.
931 1720 1012 1778 ad
1037 1719 1239 1779 Marc.
1305 1720 1423 1780 Pe·
1500 1722 1759 1779 Dicitur
1795 1721 2100 1780 habuisse
2134 1720 2233 1780 ius
2273 1741 2531 1779 succes·-

1505 878 1623 952 eli,
1668 882 1877 957 imago
1922 880 2256 939 ianuarum
2293 884 2534 940 ceden-

1500 965 1658 1019 tium
1712 963 1974 1022 Christo
2016 976 2160 1043 post
2201 985 2532 1024 resurrec-

1502 1047 1738 1104 tionem
1768 1092 1786 1122 ,
1835 1047 1976 1107 Ioh.
2017 1067 2115 1108 20:
2168 1069 2264 1127 ¹9·
2355 1051 2528 1109 Mare

1504 1131 1840 1189 dicebatur
1942 1133 2192 1190 labrum
2299 1133 2572 1213 ingens·

1501 1215 1670 1292 quod
1730 1216 1798 1273 in
1856 1216 2276 1275 tabernaculo
2332 1228 2394 1275 et
2458 1220 2529 1276 in

1502 1299 1738 1376 templo
1803 1309 1985 1373 erat,
2074 1303 2272 1379 Apoc.
2333 1316 2392 1371 43
2466 1303 2528 1362 6.

1502 1383 1761 1442 Plebem
1869 1382 2527 1465 Hierosolymitanam

1502 1469 1949 1547 significabat,
1997 1469 2158 1527 ibid.
2295 1462 2299 1469 ’

390 1807 481 1864 tri
529 1826 727 1885 opera
769 1824 1120 1863 conversus
1162 1804 1287 1864 fuit
1302 1848 1321 1880 ,
1359 1813 1426 1863 et

880 1909 955 1957 ac
1020 1888 1372 1970 discipulus
1404 1933 1421 1961 ,

661 1973 931 2033 Iudaeus
1013 1972 1185 2048 suit,
1262 1974 1423 2033 ibid.

395 1890 530 1950 eius
597 1908 806 1947 comes

388 1974 553 2034 ibid.

1499 1806 1703 1864 sionis
1750 1804 2054 1873 etfuisse
2124 1816 2356 1885 agnata
2419 1805 2529 1864 Io-

1498 1891 1736 1969 sephn,
1790 1890 1946 1949 Luc.
1991 1894 2049 1951 3:
2099 1894 2199 1951 23.
2267 1889 2360 1949 Ne
2384 1889 2531 1968 qui·

1500 1975 1639 2034 dem
1688 1984 1880 2032 extra
1920 1973 2235 2032 familiam
2280 1975 2528 2033 nubere

393 2056 671 2136 Scripsit
706 2056 982 2130 Graece,
1030 2066 1096 2115 et
1134 2058 1423 2117 creditur
1497 2058 1750 2137 potuit,
1815 2057 2046 2117 Matth.
2099 2078 2152 2117 ιε
2211 2057 2305 2117 16.
2391 2057 2534 2116 Ma·-

384 2163 521 2201 non
567 2129 815 2199 vidisse
867 2140 1190 2198 Christum
1215 2185 1233 2215 ,
1262 2142 1421 2199 ibid.

386 2226 580 2286 Petro
641 2230 1017 2302 suggerente
1073 2223 1415 2303 Euangeli-

366 2331 488 2367 .um
539 2310 793 2385 scripsit
820 2352 836 2379 ,
885 2305 1117 2367 Matth.
1160 2322 1259 2378 24:
1301 2307 1416 2382 36,

386 2395 592 2454 Marc.
656 2394 713 2451 8:
781 2395 882 2451 30.
992 2389 1416 2470 Euangelium

385 2498 564 2536 suum
604 2475 861 2553 scripsit
887 2475 1151 2534 vivente
1182 2477 1371 2534 Petro
1396 2519 1413 2549 ,

387 2561 672 2622 Prae-fat.
727 2560 808 2617 ad
868 2561 1069 2619 Marc.

381 2665 532 2703 usus
578 2644 826 2701 Graeco
862 2642 1410 2706 MatthaeiEuan-

380 2726 599 2807 gelio,
667 2726 962 2805 inscript.
1010 2728 1091 2785 ad
1143 2726 1411 2801 Matth„

383 2812 587 2870 Marc.
654 2829 705 2869 1:
783 2830 836 2868 1.
946 2810 1412 2890 compendium

381 2896 582 2973 magis
629 2892 944 2952 historiae
973 2940 990 2969 ,
1044 2916 1228 2974 quam
1278 2896 1416 2955 his-

381 2982 610 3036 toriam
641 2979 1025 3056 conscripsit
1048 3025 1063 3052 ,
1098 2980 1252 3039 Luc.
1274 3000 1325 3040 ι3
1358 3001 1413 3039 ι.

384 3062 591 3122 Extra
668 3062 971 3122 Iudaeam
1032 3065 1410 3136 'viventibus

379 3146 672 3224 scripsit,
724 3146 954 3206 Matth.
1002 3151 1100 3207 283
1151 3169 1254 3209 2ο.
1310 3148 1411 3207 Ex

383 3232 656 3290 consilio
768 3232 1130 3290 deliberato
1242 3233 1409 3291 nihil

381 3315 646 3389 scripsit
688 3314 766 3373 de
801 3316 1148 3375 nativitate
1186 3316 1408 3376 Chris-

374 3401 464 3471 ti,
514 3398 714 3480 ᾎετο.
762 3417 818 3457 i:
860 3418 912 3455 1.
963 3398 1163 3457 Marci
1195 3400 1409 3459 Euan-

374 3482 533 3563 gelii
620 3483 1016 3556 exemplaria
1099 3485 1407 3561 quaedam

378 3569 625 3626 Graeca
676 3567 755 3624 ad
808 3565 1106 3626 Latinam
1157 3570 1407 3628 versio-

373 3673 524 3710 nem
581 3659 869 3724 mutata,
935 3650 1136 3710 Marc.
1207 3667 1298 3723 14:
1349 3656 1406 3711 8.

375 3735 545 3794 Vide
640 3754 888 3814 quoque
979 3735 1405 3817 Euangelium

379 3819 604 3877 Marci.

333 3901 800 3965 Mardochaeus
838 3913 902 3962 et
944 3904 1196 3964 Marcus
1231 3905 1404 3966 idem

368 4008 612 4048 nomen
640 4032 658 4062 ‚
713 3970 999 4048 Praefat.
1041 3990 1114 4048 in
1165 3989 1405 4068 Marc.‚

382 4090 405 4127 ι
457 4071 628 4128 Petr.
673 4075 733 4133 5:
789 4076 885 4134 ιδ.

333 4154 515 4213 Mare
562 4155 886 4233 significat
930 4165 1164 4216 statum
1218 4154 1401 4214 Mun-

314 4254 319 4257 ’
377 4240 437 4295 dn
490 4242 861 4316 turbidum,
938 4242 1091 4300 Lu'c.
1150 4260 1250 4300 21:
1303 4245 1400 4299 25·

372 4317 683 4400 Populum
774 4322 1109 4403 magnum,
1201 4325 1403 4403 Apoc.

369 4428 431 4489 7:
500 4428 552 4470 1.
641 4408 819 4467 Mare
886 4430 1007 4489 pro
1074 4410 1392 4467 hominun:

1159 2563 1417 2618 Dicitur

1493 2142 1632 2200 riae
1716 2141 1943 2199 Matris
2014 2139 2261 2200 Christi
2329 2151 2530 2201 stem-

1494 2245 1596 2283 ma
1641 2245 1678 2282 a
1729 2225 1900 2283 Luca
1963 2245 2097 2283 non
2147 2225 2523 2302 recenseri,

1494 2307 1723 2368 Matth.
1801 2328 1851 2368 ι3
1925 2309 2023 2367 16.
2110 2310 2213 2368 Αιι
2272 2330 2355 2368 ex
2411 2310 2531 2370 Io·-

1493 2391 1676 2471 sephi
1725 2400 2055 2455 stemmate
2110 2393 2329 2470 colligi
2375 2414 2532 2472 pos-

1491 2479 1613 2548 sit,
1658 2475 1821 2533 ibid.
1867 2476 2183 2556 Cognatio
2209 2477 2342 2534 eius
2372 2496 2521 2536 cum

1493 2559 1918 2636 Elizabetha,
2005 2560 2235 2621 Matth.
2303 2581 2355 2621 ι3
2423 2560 2525 2621 16.

1490 2645 1645 2704 Eius
1729 2665 1924 2724 genus
2009 2650 2092 2705 e‘x
2158 2645 2520 2709 traditione

1489 2730 1877 2788 Graecorum
1946 2726 2294 2805 Veterum,
2329 2784 2334 2802 ,
2365 2729 2524 2790 Luc.

1488 2817 1544 2874 5:
1596 2818 1695 2873 23.
1759 2813 1862 2872 Ad
1892 2814 2344 2874 salutationem
2381 2816 2523 2874 An·-

1488 2898 1614 2977 geli
1666 2897 1944 2956 attonita
1987 2897 2148 2973 fuit,
2207 2899 2515 2978 adspectu

1486 2990 1551 3040 et
1597 2982 1857 3054 auditu,
1907 2980 2065 3040 Luc.
2114 3002 2167 3042 ι3
2217 3002 2315 3059 29.
2363 2984 2543 3060 'Ap-⁴

1484 3065 1688 3144 plicat
1734 3065 1857 3124 sibi
1903 3067 2104 3126 verba
2151 3064 2356 3140 Leae,
2399 3067 2516 3125 sed

1487 3170 1627 3207 cum
1674 3158 2057 3229 augmentn,
2105 3149 2270 3207 Luc.
2310 3168 2362 3210 13
2408 3152 2514 3219 48.

1486 3234 1823 3304 Quomodo
1891 3232 2026 3291 dici
2088 3232 2290 3312 possit
2353 3232 2518 3292 Pr'o-

1486 3317 1811 3395 phetissa,
1857 3316 2088 3376 Matth.
2135 3333 2189 3376 1:
2230 3336 2330 3375 22.
2388 3319 2521 3376 Te-

1483 3403 1758 3459 nebatur
1796 3402 1935 3480 lege
1987 3402 2066 3461 de
2111 3400 2530 3480 purificatio-⁷

1482 3506 1608 3557 ne,
1676 3485 1830 3542 Luc.
1878 3504 1934 3543 23
1987 3504 2088 3545 22.
2176 3484 2511 3547 Ecclesiae

1481 3569 1744 3649 gerebat
1786 3568 2132 3649 imaginem
2163 3614 2179 3642 ,
2247 3568 2406 3628 Luc.
2456 3591 2510 3632 1:

1483 3673 1598 3731 27,
1647 3652 1810 3731 Eph.
1861 3654 2014 3712 136.
2081 3654 2510 3715 Obedientiae

1481 3745 1546 3796 et
1589 3737 1865 3797 fiduciae
1905 3741 2305 3817 exemplum,
2358 3739 2511 3798 Luc.

1494 3846 1537 3881 ι3
1590 3826 1689 3882 38.
1762 3820 2204 3901 ‘Fortitudinis
2253 3819 2515 3881 ‘Chris-

1477 3906 1696 3980 tianae
1743 3909 2144 3986 praesagium
2175 3951 2193 3981 ‚
2242 3907 2381 3965 Ioh.
2412 3925 2506 3983 19:

1483 3993 1581 4049 25.
1646 3988 1801 4049 Eius
1831 3990 1910 4050 de
1937 3992 2226 4069 potentia
2262 3989 2509 4048 Christi

1465 4074 1722 4148 ‚fiducia
1790 4095 2066 4159 magna,
2142 4073 2279 4132 Ioh.
2342 4093 2396 4131 2:
2444 4076 2509 4133 5.

1479 4159 1940 4218 Testimonium
1976 4161 2110 4217 eius
2138 4159 2215 4216 de
2245 4156 2510 4216 Christo
2541 4199 2544 4202 -

1484 4244 1615 4302 filio
1683 4263 1808 4322 quo
1876 4244 2023 4302 loeo
2094 4240 2506 4319 habendum,

1488 4327 1632 4385 Luc..
1684 4347 1736 4388 ι3
1786 4345 1851 4387 2.
1913 4326 2289 4404 supervixit
2334 4327 2515 4386 Iose-

2236 4409 2514 4491 Iosepho

2340 4518 2514 4557 mol·-

1476 4413 1710 4491 phum,
1780 4409 1922 4478 loh.
1975 4430 2037 4476 23,
2093 4431 2150 4470 ι.
