2779 5085
370 235 495 333 υ·
834 230 1219 304 «ι

1294 228 1719 293 NDEx

405 390 618 454 nisum
644 386 951 466 abduxit,
978 386 1180 468 Apoo.
1204 384 1299 450 13:
1332 391 1441 464 15,
1515 403 1672 470 pore
1698 378 2069 466 Iustiniani,
2097 390 2312 471 Apoc.
2341 406 2565 472 19101.

412 497 509 557 191
561 493 663 535 οο.
748 472 1020 534 Veneno
1082 480 1282 533 semet
1332 472 1441 532 in-
1515 473 1912 537 Idololatrae
1951 474 2148 535 etiam
2191 476 2371 535 Deos
2410 496 2562 534 suos

380 560 713 639 teremit,
765 558 931 619 ibid.
1023 553 1221 637 Signa
1282 573 1443 637 quae

407 644 646 706 fecerit
687 604 758 703 111
800 641 1117 703 1101101·οω
1163 640 1440 705 idolola-

409 729 621 806 triae,
663 726 826 788 ibid·

368 810 626 873 lamnes
672 819 738 872 et
775 809 1093 873 Mambres
1125 776 1445 889 quomodo

409 897 597 980 paria
674 895 842 957 Mosi
920 894 1154 955 fecisse
1219 894 1444 954 dican-

409 991 564 1055 tur,
611 999 650 1041 0
698 972 927 1041 Thess.
970 998 1029 1040 01
1076 998 1138 1059 9.

370 1052 689 1126 Ianitores
729 1064 799 1124 in
841 1062 1177 1144 primitiva
1214 1059 1446 1122 Ecclee·

413 1152 551 1226 sia,
595 1148 756 1209 Luc.
800 1161 861 1219 4:
917 1167 1015 1209 11.
1099 1144 1445 1206 lanitrices

409 1233 778 1309 foeminae,
826 1231 968 1293 Ioh.
1020 1233 1114 1292 181
1168 1230 1267 1292 16.

370 1318 623 1385 10111108,
652 1318 843 1399 quale
883 1337 1166 1393 nomen,
1210 1313 1448 1377 2'Tim.

369 1477 591 1548 Ianuis
673 1482 907 1545 clausis
992 1493 1194 1544 noctu
1256 1503 1446 1563 saepe

413 1569 774 1630 convenire
811 1569 990 1631 soliti
1011 1568 1193 1630 suere
1222 1567 1444 1628 C-hris

409 1654 618 1731 tiani,
666 1653 810 1714 1011.
853 1673 951 1716 001
1006 1673 1103 1734 19.

369 1729 563 1802 Iason
611 1749 677 1800 et
718 1739 898 1800 Iesus
944 1738 1117 1798 idem
1168 1724 1444 1811 nomen,
1479 1776 1482 1779 -

413 1822 646 1887 Matth.
714 1842 936 1900 1101,
998 1842 1040 1885 0
1088 1821 1318 1883 Thess.
1371 1840 1447 1901 1,

415 1927 454 1969 0
503 1907 967 1969 Petr.1:1.·

1517 559 1743 619 Patres
1791 552 2161 636 vocabant,
2213 560 2422 639 Apoc.
2465 579 2562 640 191

1513 663 1620 704 οο.
1666 643 2062 704 Idololatrae
2107 643 2379 725 mystici
2406 641 2570 702 Hie·

1515 728 1975 811 rosolymitani
2043 749 2271 788 omnes
2298 776 2319 807 ,
2399 727 2569 787 ibid.

1519 812 1730 873 Morte
1793 812 2008 891 puniti
2069 834 2189 893 per
2249 811 2573 871 Iustinia-

1519 917 1671 957 num
1698 940 1718 972 ,
1767 897 1971 976 Apoc.
2021 914 2114 977 19:
2145 914 2254 959 01.
2341 895 2573 957 Idolo-
2609 949 2616 960 .

1519 981 1726 1040 latrae
1752 980 2085 1060 Principes
2108 981 2410 1042 ferarum
2445 1001 2576 1041 no-

1519 1065 1694 1124 mine
1738 1064 2192 1143 appellantur,
2243 1065 2415 1126 Luc.
2469 1069 2566 1127 13:

1521 1151 1642 1225 30,
1703 1167 1730 1208 1
1781 1149 1934 1209 Cor.
1981 1152 2076 1210 15:
2125 1153 2251 1227 30,
2298 1168 2340 1212 0
2389 1148 2568 1210 Tim.

1519 1246 1710 1310 4117.
1763 1233 2157 1297 Idololatras
2200 1193 2590 1295 censebant¹

1520 1314 1747 1377 Iudaei
1804 1338 1922 1399 pro
1965 1315 2267 1379 hostibus
2315 1317 2575 1379 haben-

1523 1403 1635 1461 dos
1657 1410 1723 1460 et
1745 1402 2107 1477 necandos,
2121 1401 2370 1464 Matth.
2388 1393 2451 1464 5:
2468 1406 2577 1500 43.

1520 1472 1912 1547 Idololatras
1945 1447 2232 1568 intelligi
2271 1509 2392 1569 per
2422 1487 2577 1546 ani-

1521 1568 1721 1631 malia
1747 1571 2078 1631 immunda
2110 1572 2416 1632 sentiunt
2441 1570 2577 1632 He·-

2375 1650 2573 1728 Qua

1521 1654 1749 1730 braei,
1817 1673 1856 1715 0
1897 1638 2056 1714 Cor.
2115 1656 2174 1716 6:
2235 1675 2308 1737 17

1504 1738 1839 1799 -orationis
1868 1737 2149 1799 formula
2173 1760 2284 1801 eos
2273 1677 2573 1821 ⁷alloqui

1522 1823 1804 1883 debeant
1825 1867 1847 1900 ,
1871 1823 1981 1905 qui
2007 1824 2091 1884 ad
2124 1844 2354 1886 veram
2382 1824 2568 1886 viam

1522 1929 1633 1968 eos
1678 1927 1994 1969 revocare
2040 1908 2350 1990 student,
2415 1911 2573 1972 Act.

370 1991 567 2052 Iason
634 1991 1017 2073 praecipuus
1095 1991 1271 2071 inter
1340 1988 2102 2072 111-14115,17103.

380 2074 610 2138 daeos
682 2076 1121 2138 Christianam
1181 2074 1448 2155 religio·
1481 2038 1902 2136 idololatriae
1954 2095 2182 2139 vocem
2231 2097 2354 2138 cur
2398 2075 2574 2137 reti-

412 2182 558 2220 nem
605 2157 979 2240 amplexos,
1024 2161 1314 2233 Aet-17:
1364 2159 1445 2232 5,
1520 2157 1792 2241 nuerint
1849 2156 2253 2238 Christiani,
2322 2180 2349 2221 1
2411 2161 2573 2222 Cor.

413 2244 598 2305 Rom.
663 2245 758 2305 16:
825 2262 949 2318 01,
1020 2262 1059 2304 0
1104 2238 1341 2303 Thess.
1392 2259 1448 2299 1·
1519 2246 1581 2305 5.
1636 2261 1735 2303 10.
1818 2241 2208 2304 Idololatria
2254 2265 2386 2325 quo
2442 2267 2576 2306 no·-

412 2327 819 2423 Propinquus
886 2287 1063 2386 Silae
1116 2335 1181 2386 et
1225 2324 1447 2385 Timo-
1519 2326 1690 2386 mine
1716 2325 2116 2407 significata,
2143 2329 2292 2389 Act.
2319 2328 2426 2391 061
2465 2332 2574 2391 18.

411 2406 595 2487 thes,
655 2411 818 2471 ibid.

415 2496 954 2570 Thessalonicae,
1000 2494 1184 2556 Rom.
1223 2494 1319 2554 16.
1343 2511 1447 2554 01.

372 2577 564 2665 Iason
610 2581 983 2661 Cyrenaeus
1011 2581 1288 2664 scriptor
1310 2576 1448 2638 hi·-

328 2725 331 2732 ,
412 2666 623 2725 toriae
703 2659 1201 2739 Maccabaicae,
1269 2661 1446 2744 paris

382 2742 537 2818 sati
608 2770 753 2812 cum
819 2750 1036 2830 'lrogo
1096 2746 1444 2828 Pompeio,

416 2833 648 2898 Matth.
698 2853 901 2895 1101.
958 2897 961 2898 ,

371 2897 577 3003 iaspis
614 2918 940 3004 utriusque
966 2914 1253 2999 generis,
1279 2936 1450 2975 mas-

413 3003 619 3068 culini
684 3011 748 3062 et
806 3001 1187 3078 foeminini,
1243 3002 1450 3081 Apoc-

414 3106 647 3147 21:11.
714 3087 887 3160 Quid
930 3079 1199 3167 mystice
1248 3085 1450 3145 deno-

376 3158 542 3251 tet,
588 3171 748 3232 ibid.
839 3171 1065 3243 Qualis
1113 3170 1202 3238 sit
1238 3168 1447 3251 lapis,

412 3217 577 3315 ibid.
663 3255 913 3338 Iaspidi
959 3257 1134 3376 Deus
1190 3274 1451 3336 compa-

206 3346 218 3356 '
334 3405 339 3409 ,
413 3349 646 3414 ratur,
688 3335 849 3399 ibid.

369 3423 668 3498 Iconium
692 3423 846 3484 urbs
872 3369 1273 3503 Lycaoniae,
1300 3415 1450 3482 Act.

382 3501 720 3591 13151..

371 3592 589 3660 Idiota
638 3573 784 3672 quis
839 3561 1142 3689 dicatur,
1214 3608 1238 3649 1
1297 3565 1450 3649 001·.

297 3710 306 3723 ·
382 3676 935 3748 1,4.16.1(110100
975 3675 1233 3757 quinam
1272 3672 1450 3734 dice-

411 3762 652 3822 bantur
700 3760 1055 3837 Hebraeis,
1094 3761 1240 3822 Act.
1263 3756 1322 3819 6·
1349 3760 1449 3821 13.

371 3836 560 3908 Idola
598 3845 755 3932 qnid
801 3846 974 3924 sint,
1020 3853 1086 3906 et
1128 3844 1449 3924 quomodo

411 3925 733 3990 vocentur
758 3975 780 4008 ,
813 3949 838 3988 1
874 3929 1025 3990 Cor.
1048 3931 1107 3989 81
1135 3943 1198 3999 4.
1256 3927 1450 4012 Idola

384 4012 854 4090 Romanorum
886 4034 1086 4094 quae,
1134 4012 1319 4072 Rom.
1350 4031 1443 4072 111

413 4097 517 4156 06.
567 4096 896 4178 idolorum
915 4107 1235 4186 responsa
1247 4096 1445 4173 unde,

420 4201 446 4240 1
503 4181 654 4240 Cor.
701 4200 794 4243 101
842 4201 904 4244 0.

369 4249 731 4327 Idololatra
816 4262 1083 4327 moecho
1165 4261 1444 4342 similis,

390 4371 444 4424 ,1
499 4350 650 4411 Cor.
712 4351 771 4410 81
844 4354 940 4412 15.
1049 4348 1446 4410 Idololatrae

310 4479 329 4486 -
414 4433 808 4497 clandestini
850 4433 1039 4496 multi
1071 4433 1251 4518 suere
1288 4443 1448 4497 tem-

941 2409 1192 2492 Hospes
1259 2408 1445 2475 Pauli
1525 2410 1798 2470 Occulta
1881 2431 2194 2489 quaenam
2280 2412 2568 2491 Synodo
2661 2438 2670 2447 ·

1522 2493 1909 2555 Laodicensi
1938 2495 2147 2575 dicta,
2194 2495 2337 2557 col.
2363 2516 2424 2558 2:
2466 2500 2571 2557 18.

1524 2580 1832 2640 Concidit
1868 2578 2115 2641 Christi
2151 2582 2572 2661 temporibus

1523 2664 1606 2724 ad
1644 2677 1869 2724 sonum
1900 2663 2093 2730 verbi
2127 2665 2305 2742 eius,
2353 2665 2570 2728 Hebr-

1527 2767 1624 2810 111
1674 2751 1778 2809 30.
1842 2749 2099 2811 Dicitur
2134 2750 2294 2816 fera
2314 2760 2381 2810 et
2416 2747 2569 2812 bel-

1520 2834 1665 2909 lua,
1713 2835 1919 2912 Apoc.
1964 2835 2060 2895 13·
2115 2852 2171 2894 1.
2254 2833 2571 2916 impieta-

1522 2926 1653 2978 tem
1700 2915 1954 2998 adfert,
1998 2916 2301 2998 impietas
2335 2937 2561 2979 mores

1523 3001 1874 3082 pessimos,
1926 3002 2112 3063 Rom.
2144 3022 2195 3063 1:
2225 3021 2295 3064 21
2322 3000 2566 3083 ,Eph.

1526 3090 1586 3148 3·
1619 3104 1734 3161 10,
1762 3085 1897 3146 Tit.
1925 3104 1982 3146 01
2013 3105 2120 3163 10,
2149 3088 2350 3166 Apoc.
2381 3089 2594 3167 1019.’

1528 3170 1652 3230 Per
1676 3168 2117 3230 Domitianum
2150 3170 2343 3231 latius
2367 3190 2566 3250 quam

1527 3262 1677 3314 ante
1742 3264 2130 3336 propagata
2158 3264 2293 3331 est,
2350 3256 2565 3335 Apoc.

1530 3342 1627 3401 13.
1657 3359 1717 3419 7.
1777 3340 1900 3400 Per
1924 3338 2371 3399 Domitianum
2399 3361 2567 3424 0011-

1524 3422 1861 3485 tumeliose
1918 3425 2128 3488 Deum
2194 3425 2562 3500 tractavit,

1525 3507 1730 3589 Apoc.
1781 3502 1989 3571 1316.
2072 3503 2313 3570 Romae
2381 3509 2562 3568 culta

1525 3601 1591 3653 et
1630 3601 1903 3671 renata,
1954 3587 2278 3653 defunctis
2327 3593 2567 3654 Caesa·-

1524 3676 1705 3737 ribus
1769 3665 1835 3739 et
1903 3676 1975 3737 in
2039 3679 2230 3739 Deos
2280 3678 2559 3754 relatis,

1526 3761 1729 3840 Apoc.
1798 3765 1893 3824 13:
1965 3782 2021 3823 1.
2132 3760 2557 3823 Idololatriae

1526 3855 1824 3906 auctores
1871 3846 2041 3927 apud
2083 3846 2353 3908 Iudaeos
2387 3866 2561 3925 quo-

1526 3930 1716 3991 modo
1778 3929 2032 4013 puniti,
2112 3930 2261 4006 Act.
2320 3949 2379 4010 7:
2449 3931 2561 4005 57.

1528 4012 1684 4074 Eius
1732 4015 1914 4096 origo
1960 4024 2025 4076 et
2069 4033 2320 4094 poena,
2384 4010 2557 4094 Eph.

1526 4103 1715 4160 3:10.
1761 4098 1914 4159 Eius
1961 4097 2317 4159 destructio
2345 4117 2562 4178 poena

1525 4180 1832 4261 Diaboli,
1885 4180 2169 4249 1011.161
2215 4199 2313 4242 11.
2400 4180 2559 4242 Eius

1526 4268 1948 4327 moribundae
2014 4252 2335 4347 singultus
2404 4264 2565 4332 ulti-

1524 4372 1705 4428 mus,
1775 4354 1977 4433 Apoc.
2051 4350 2318 4412 16101.
2403 4349 2559 4411 Ε1118

1525 4397 1741 4499 0011118
1800 4434 2234 4499 combustioni
2279 4435 2556 4511 similis,

2362 4522 2563 4601 Apoc.
