2779 5085
661 260 1237 346 nssnnm'n
1309 228 2068 351 -vss‘assouuufl
2292 302 2426 382 υς·

267 442 686 504 Humilitatis
744 442 957 504 virtus
1019 440 1320 504 Philoso-
1383 443 1530 503 buit
1567 444 1859 505 effectum
1885 491 1908 523 ,
1948 444 2081 508 nisi
2120 457 2270 530 post
2305 473 2425 514 oc-

269 529 419 609 pbis
465 529 667 588 ferme
711 528 1003 588 omnibus
1051 528 1174 587 suit
1211 527 1317 588 in·
1389 536 1685 609 cupatam
1722 538 1963 590 terram
1997 535 2417 617 promissam,

272 613 582 694 cognita,
634 611 800 692 Epia.
843 626 904 684 4:
958 632 1018 672 2.
1385 611 1528 671 1011.
1573 627 1633 685 41
1684 616 1749 674 5.
1833 616 1988 676 Eius
2033 620 2416 683 vaticinium

225 696 515 757 Humilis
583 700 835 756 animus
906 697 1048 756 sine
1102 694 1314 776 operi·
1386 698 1465 755 de
1514 690 1815 775 Christo,
1862 699 2006 760 Ioh.
2040 723 2191 783 917.
2255 704 2415 768 Eius

272 784 393 842 bus
430 781 697 842 facilius
741 781 825 840 ad
858 782 1128 841 salutem
1165 801 1313 859 per-
1385 789 1834 842 testamentum
1882 786 2089 866 figura
2142 788 2419 851 ludaeo-

269 867 543 945 veniet,
589 886 774 947 quam
819 886 963 924 cum
1008 865 1311 946 operibus
1382 886 1525 925 rum
1589 875 1655 926 et
1717 865 2077 930 Christiani
2140 874 2414 954 populi,

275 952 629 1009 coniuncta
717 951 1064 1030 superbia,
1115 948 1312 1012 ,Luc.
1385 948 1584 1009 Hebr.
1636 970 1731 1011 111
1788 971 1890 1011 2ο.
1978 952 2137 1014 Eius
2201 959 2418 1040 sepul-

278 1054 375 1113 ¹7²
423 1056 485 1113 7.
1349 1032 1606 1110 *chrum
1649 1035 1954 1112 ubinam,
2013 1039 2160 1098 Act.
2201 1060 2261 1121 7:
2315 1043 2417 1103 16.

230 1116 597 1199 Hymenaei
616 1116 1063 1190 nomenunde,
1090 1112 1309 1177 2Tim.
1380 1117 1538 1177 Eius
1581 1139 1810 1200 corpus
1856 1119 2225 1185 induruisse
2265 1139 2416 1186 aro-3

276 1223 333 1264 21
378 1224 478 1283 17.
526 1203 939 1282 Hymenaeus
988 1200 1307 1260 011νὶ31111-
1378 1203 1653 1262 metibus
1698 1214 2058 1266 memorant
2095 1205 2410 1289 Hebraei,

270 1306 389 1347 nus
436 1287 741 1368 quidem,
807 1287 922 1346 sed
957 1285 1208 1364 qualis,
1273 1304 1296 1343 1
1376 1286 1521 1351 lob.
1575 1308 1666 1366 191
1720 1292 1821 1368 39.
1912 1289 2216 1371 Corporis
2273 1295 2412 1356 eiu·

618 1447 623 1453 ⁸
1378 1372 1808 1449 pollinctura,
1850 1372 2063 1457 imago
2101 1375 2233 1436 suit
2269 1379 2416 1458 pol·-

266 1457 341 1516 in
408 1456 539 1515 fine
600 1457 961 1516 seculorum
1025 1455 1302 1514 suturam
1375 1457 1694 1517 linctume
1785 1457 2078 1537 Christi,
2177 1460 2415 1527 matth.

269 1541 578 1620 negavit,
631 1561 654 1599 1
705 1540 875 1600 Tim.
924 1558 977 1599 11
1023 1556 1122 1597 2ο.
1167 1535 1299 1596 Iam
1377 1559 1476 1617 271
1525 1543 1631 1619 57.
1691 1536 1696 1543 ’
1915 1559 1924 1571 ’

268 1625 506 1686 factam
571 1623 1110 1696 resurrectionem
1161 1643 1301 1683 esse
1333 1622 1650 1701 lacobus,
1705 1622 1923 1702 losa,
1984 1625 2256 1707 Simon,
2301 1628 2415 1691 Iu-

276 1710 532 1769 dicebat
555 1754 574 1789 ,
622 1709 854 1771 Matth.
896 1723 999 1778 24:
1037 1720 1135 1766 11.
1375 1710 1531 1784 das,
1557 1708 1702 1769 Iesu
1732 1710 2152 1790 consobrini,
2181 1713 2416 1777 matth.

229 1790 526 1873 Hymnus
569 1794 641 1853 in
683 1791 871 1855 Festo
910 1789 1171 1851 {ixionis
1200 1799 1303 1849 ta·
1379 1796 1475 1855 131
1519 1795 1627 1859 55.

269 1878 765 1939 bemaculorum
828 1876 1099 1938 recitari
1144 1871 1301 1934 soli·
1333 1877 1604 1944 lacobus
1629 1877 1836 1938 stater
1859 1880 2125 1942 Domini
2152 1878 2365 1942 dictus
2385 1926 2413 1964 ,

267 1973 414 2038 tus,
464 1960 662 2023 Hebr.
690 1967 748 2024 3:
778 1983 837 2040 7.
900 1958 1140 2041 Hymni
1176 1959 1298 2018 He-
1372 1983 1509 2020 non
1575 1961 1704 2020 fuit
1765 1963 2113 2042 Apostolus
2161 1964 2276 2026 sed
2321 1960 2411 2026 E·

270 2047 611 2107 braeorum
647 2046 845 2105 nullis
873 2045 1157 2104 numeris
1186 2045 1298 2103 ad·
1352 2060 1353 2063 ’
1372 2045 1671 2126 piscopus
1725 2042 2358 2128 Hierosolymitanus
2384 2070 2408 2129 ,‘

261 2131 530 2208 stricti,
591 2152 810 2192 eorum
864 2136 1011 2189 usus
1067 2148 1185 2210 pro
1226 2146 1297 2188 re
1374 2130 1520 2189 Act.
1587 2148 1688 2190 211
1723 2200 1728 2207 ,
1765 2147 1878 2210 19,
1945 2132 2089 2191 Gal.
2163 2148 2218 2193 11
2287 2150 2405 2213 19,

267 2208 463 2291 nata,
514 2210 746 2277 M'atth.
791 2234 891 2294 271
933 2216 1037 2276 30.
1098 2212 1298 2292 Hym-
1373 2232 1432 2274 2:
1488 2232 1560 2275 12
1588 2224 1624 2289 ,‘
1656 2214 1787 2275 lac.
1829 2234 1882 2275 11
1930 2235 1986 2276 1.
2053 2217 2106 2277 Α
2146 2216 2412 2298 quibus-
2463 2228 2475 2237 “

269 2321 387 2359 nos
437 2301 514 2359 ab
566 2294 779 2362 afflatu
827 2300 1091 2380 quinam
1128 2298 1301 2358 ceci·
1374 2299 1517 2357 dam
1562 2296 1821 2377 Iosephi
1858 2298 2028 2362 filius
2064 2320 2146 2361 ex
2188 2300 2411 2383 priore

262 2394 468 2460 'net-e,
523 2405 544 2442 1
598 2387 752 2444 Cor.
800 2398 888 2455 141
940 2384 1039 2440 26.
1373 2403 1577 2442 uxore
1641 2392 1904 2462 putatur
1960 2384 2214 2462 fuisse,
2275 2384 2413 2447 Iac·

228 2467 737 2549 Hypocritarum
795 2477 892 2529 est
947 2464 1297 2525 sanctimo-
1380 2487 1432 2527 1:
1486 2484 1541 2526 1.
1629 2466 1854 2526 Dictus
1923 2467 2135 2530 Iustus
2185 2477 2253 2530 et
2298 2491 2411 2533 co·

266 2555 414 2614 niae
450 2574 761 2636 summam
794 2556 869 2613 in
902 2552 1136 2613 ritibus
1165 2551 1299 2608 col·
1373 2552 1594 2613 lamna
1655 2550 1987 2614 Ecclesiae
2014 2599 2034 2632 ,
2116 2553 2278 2615 ibid.¹
2342 2562 2414 2617 et

264 2638 531 2714 locare,
582 2638 741 2699 Luc.
795 2644 888 2700 13:
947 2649 1041 2709 14.
1373 2637 1513 2696 G'ala
1560 2649 1617 2698 21
1677 2654 1769 2697 12.
1842 2637 2126 2720 Scripsit
2167 2640 2409 2721 episto·

228 2720 592 2804 Hyssopum
633 2724 705 2782 in
750 2715 983 2783 Iudaea
1038 2737 1297 2779 excres-
1330 2723 1337 2734 ⁴
1370 2722 1498 2782 lam
1522 2742 1710 2802 quam
1735 2719 2086 2802 habemus,
2130 2719 2277 2785 Act‘.
2307 2742 2434 2786 121

268 2827 410 2867 cere
451 2807 524 2867 in
568 2807 1079 2889 magnitudinem
1108 2799 1296 2863 arbo·
1377 2825 1492 2884 17,
1538 2804 1671 2869 Iac.
1724 2825 1777 2866 11
1833 2825 1890 2866 1.
1954 2809 2084 2868 Cur
2127 2809 2408 2890 primam

263 2891 398 2967 ris,
444 2893 600 2951 satis
648 2892 1025 2972 probabile,
1065 2886 1298 2950 Matth.
1374 2891 1762 2950 sententiam
1813 2892 2054 2952 dixerit
2096 2895 2170 2953 in
2218 2913 2411 2954 accu-

267 2979 497 3050 27148.
546 2975 829 3057 Hyssopi
872 2996 1020 3035 usus
1070 2975 1141 3033 in
1186 2973 1292 3031 atl-
1372 2975 1621 3034 satione
1671 2974 1845 3034 Petri
1882 2983 1948 3035 et
1988 2973 2208 3053 Pauli,
2257 2978 2410 3038 Acts
2460 2995 2466 3008 '

270 3062 641 3141 spersione,
686 3058 890 3122 Hebr.
928 3082 985 3141 9:
1033 3073 1130 3139 19.
1380 3062 1488 3119 151
1528 3062 1624 3120 13.
1696 3058 1826 3117 Cur
1872 3058 2136 3145 Paulum
2181 3058 2410 3121 horte-

392 3169 397 3176 ’
698 3143 701 3150 '
1373 3151 1475 3200 tur
1533 3142 1616 3201 ad
1676 3139 2190 3221 liberalitatem,
2257 3142 2410 3206 Act.

730 3228 785 3291 Ie
1370 3244 1469 3287 21:
1518 3246 1556 3287 2
1604 3265 1622 3287 ο
2223 3224 2230 3230 .

693 3311 699 3324 “
1328 3240 1600 3370 Iacob-ili
1668 3308 2067 3406 Zebedaifle‘s
2094 3354 2115 3389 ,
2199 3295 2410 3375 Marc.

226 3395 415 3457 Iacob
479 3404 542 3458 et
602 3395 812 3459 Israel
878 3418 999 3476 pro
1066 3390 1290 3464 Jacobi
1375 3399 1469 3457 151
1518 3410 1623 3467 4ο.
1688 3394 1940 3457 Primus
1980 3396 2409 3480 111101Αο08·-

277 1373 427 1432 Cor.
470 1375 566 1432 15:
620 1392 673 1431 1.
739 1370 1301 1429 Resurrectionem

244 3483 533 3564 'posteris
560 3527 580 3559 ‚
612 3477 775 3546 Act.
817 3501 876 3562 9:
934 3502 1030 3542 12.
1076 3533 1081 3542 .
1170 3544 1175 3550 ,
1365 3477 1536 3540 tolos
1581 3480 1882 3562 Martyr,
1928 3480 2131 3543 Marc.
2177 3485 2238 3548 31
2292 3501 2362 3564 17
2378 3489 2406 3560 ,²

227 3566 417 3627 Iacob
479 3568 805 3649 significat
853 3564 1288 3646 supplantato·
1369 3564 1516 3625 Act·
1565 3584 1659 3626 121
1712 3585 1786 3643 2,
1838 3566 1971 3625 lac.
2020 3586 2075 3631 11
2126 3585 2184 3626 1.

263 3672 394 3710 rem
423 3654 454 3725 ‚'
496 3652 654 3712 Luc.
686 3647 763 3713 ’11
815 3654 917 3712 33.
1326 3648 1593 3708 Iacobus
1641 3644 1960 3711 Zebedaei
2003 3645 2081 3710 'e't
2125 3646 2402 3711 Iacobus

225 3736 491 3811 Iacobus
515 3734 898 3799 Patriarcha
918 3734 1072 3813 quid
1095 3756 1129 3793 a
1154 3736 1292 3794 Deo
1367 3732 1641 3814 Alphaei
1678 3750 1716 3792 a
1755 3730 2096 3794 nonnullis
2133 3731 2405 3794 confuse

264 3841 455 3902 supra
506 3829 794 3881 caeteros
841 3818 1138 3880 homines
1189 3839 1288 3879 ac·
1367 3826 1748 3898 sumuntur,
1795 3816 2029 3878 Matth.
2076 3813 2171 3899 171
2228 3833 2284 3880 r·

263 3907 551 3984 ceperit,
623 3906 768 3965 Act.
816 3906 916 3966 26:
962 3904 1025 3961 6.
1135 3901 1290 3963 Eius
1326 3901 1598 3961 Iacobus
1633 3901 1892 3976 Minor,
1938 3900 2140 3963 Marc.
2171 3901 2404 3975 15140.

263 3998 323 4048 et
392 3987 687 4050 familiae
772 3988 874 4049 vis
945 4009 1078 4046 non
1155 3997 1294 4048 erat
1324 3986 1594 4047 lacobus
1631 4005 1667 4044 a
1702 3984 2034 4046 Matthaeo
2068 4001 2405 4069 nuncupa-

258 4082 440 4133 tanta
465 4122 482 4150 ‚
514 4069 598 4134 ¹ut
642 4083 867 4154 aperto
906 4072 1081 4132 bello
1106 4072 1289 4151 q'uid-
1366 4079 1467 4129 tus
1515 4069 1707 4129 Pater
1748 4069 2005 4151 Iosephi
2048 4070 2194 4133 iure
2236 4070 2413 4157 legi-³
2516 4087 2519 4102 ‘

261 4177 441 4236 quam
509 4160 820 4234 auderet,
901 4153 1043 4216 1011.
1103 4171 1164 4227 4:
1228 4158 1292 4218 5.
1364 4156 1563 4230 timo,
1609 4151 1770 4215 Luc.
1811 4157 1869 4217 31
1922 4153 2024 4217 23.

259 4241 412 4303 Eius
461 4245 739 4324 posteris
787 4261 903 4301 cur
946 4242 1118 4300 Deus
1157 4240 1287 4320 pri—
1330 4239 1525 4299 lakim
1561 4260 1690 4320 quo
1732 4238 1860 4299 alio
1897 4236 2158 4303 nomine
2193 4239 2403 4303 dona-

258 4331 425 4386 mum
473 4330 767 4409 exiguam
813 4336 1048 4385 terram
1098 4325 1324 4385 dede-‘
1363 4334 1464 4383 tus
1492 4369 1510 4400 ,
1560 4322 1710 4385 Act.
1756 4327 1848 4385 131
1899 4339 1960 4405 9.

259 4411 390 4483 rit,
436 4417 582 4473 Act.
634 4417 725 4474 15:
786 4411 880 4471 18.
970 4410 1125 4471 Eius
1178 4404 1290 4468 do·-
1331 4407 1714 4469 lamblichus
1783 4407 2005 4490 Mag'us
2070 4406 2403 4489 Pythago-

258 4497 439 4556 natio
489 4498 762 4579 losepho
804 4497 982 4557 facia
1015 4494 1292 4557 110111111-
1364 4495 1539 4554 ricus
1606 4491 1927 4636 1131111001
1989 4516 2026 4554 a
2076 4491 2399 4589 Christia-

1722 4598 1761 4639 2
2261 4595 2399 4634 ms-
