2779 5085
333 240 476 309 ’131

1176 214 1707 282 ΙΝΒΕΧ

346 381 630 464 Surgere
685 375 796 460 qui
851 376 1202 461 dicantur,
1261 375 1422 438 Luc.
1489 390 1553 450 4:
1607 375 1707 437 16.
1773 372 2019 435 Mansit
2053 373 2171 437 ille
2212 376 2528 458 aliquam.

392 485 452 527 21
499 468 602 536 34.
687 464 821 525 lac.
860 465 922 525 51
974 465 1071 524 15.

1495 462 1604 523 diu
1647 461 1720 519 in
1763 459 2063 522 Ecclesia
2106 460 2525 543 Christiana,

217 604 224 615 .
348 549 474 612 Su·
530 548 801 609 denotat
842 546 1027 608 foede
1075 546 1420 621 viventes,
1497 544 1728 605 Matth.
1754 536 1826 617 [22⁴
1853 548 1955 607 23.
2015 545 2360 608 Multarum
2396 550 2530 609 uti-

389 634 597 713 Apbc.
636 651 735 693 211
776 650 877 710 27.
944 630 1090 690 Suis
1129 638 1195 691 et
1236 632 1423 691 avari
1496 632 1687 704 litas,
1740 628 1935 699 Hebr,
1980 633 2040 693 81
2094 649 2190 690 10.

394 716 837 798 comparatio,
884 714 1046 777 Luc.
1097 734 1190 780 121
1238 732 1339 774 2ο.

1457 714 1800 795 Synagoga
1833 734 2100 797 magna,
2124 715 2336 794 qualis
2367 735 2530 775 con-

348 801 653 863 Susanna
694 821 732 860 a
774 799 920 860 lilio
964 800 1239 876 dicitur,
1277 800 1423 860 Act.
1493 809 1727 860 ventus
1773 807 1839 857 et
1883 818 1966 857 ex
2005 800 2237 880 quibus
2280 800 2528 859 consti-

401 904 498 948 121
547 888 662 961 13,
718 886 814 946 181
865 904 962 960 17.

349 970 548 1118 εἶκε
617 969 771 1029 urbs
868 966 1173 1045 Persiae,

391 1233 498 1285 1111
537 1222 731 1302 quid,
778 1220 1012 1287 Matth.
1064 1237 1156 1280 111
1207 1220 1303 1278 18.

1496 886 1694 962 terit,
1737 880 1972 945 Matth.
2016 902 2110 944 101
2161 902 2275 963 17,
2317 886 2413 945 151
2452 901 2525 962 2,

1263 966 1426 1030 Luc.
1498 987 1599 1047 ⁷27:
1646 971 1771 1048 57,
1821 967 1982 1029 Luc.
2025 966 2086 1030 61
2137 985 2238 1028 22.

1458 1053 1836 1133 Synagogae
1887 1052 2186 1111 instituta
2229 1050 2531 1111 laudabi-

225 1202 230 1205 ,
352 1139 732 1220 Suscipere,
768 1143 1131 1215 susceptor,
1164 1153 1422 1225 suscepj
1499 1138 1589 1197 lia
1640 1134 1936 1217 Apostoli
1983 1135 2202 1195 omnia
2239 1136 2529 1195 retinue-

1496 1229 1694 1297 runt,
1758 1223 1908 1280 Act.
1958 1238 2054 1281 111
2107 1223 2227 1295 30,
2292 1238 2319 1280 1
2375 1220 2529 1281 Cor.

350 1305 824 1371 sustentandos
868 1305 1101 1364 merito
1142 1323 1280 1385 esse
1321 1320 1422 1359 σε·
1496 1308 1557 1367 51
1607 1324 1665 1366 2.
1751 1303 1905 1365 Eius
1955 1324 2219 1364 munera
2259 1323 2421 1383 quae
2465 1313 2531 1363 et

391 1391 547 1451 lutis
596 1391 871 1449 aliorum
918 1396 1423 1470 procuratores,
1495 1389 1761 1468 qualia,
1830 1386 1990 1449 Luc.
2048 1401 2106 1461 4:
2179 1406 2278 1450 201
2369 1387 2526 1449 Eius

337 1525 347 1539 ,
393 1474 630 1539 Μειῑὼ.
679 1493 774 1538 101
821 1475 885 1535 8.

1496 1472 1865 1554 Principum
1902 1470 2396 1547 munus,'Heb1-.
2427 1476 2522 1539 132

350 1560 550 1623 Suum
569 1558 714 1640 quis
737 1556 1039 1639 quidnam
1066 1555 1260 1634 pleno
1286 1554 1427 1615 iure
1499 1578 1562 1636 7.
1649 1556 1808 1618 Eius
1862 1558 2034 1637 apud
2078 1556 2349 1618 ludaeos
2399 1557 2531 1616 Gu-

391 1642 708 1705 arbitrari
768 1662 904 1704 non
968 1640 1202 1718 debet,
1264 1639 1427 1703 Luc.
1496 1643 1810 1703 bernator
1864 1642 2202 1703 dicebatur
2249 1641 2526 1719 Pastor,

402 1741 499 1799 14:
548 1730 654 1790 33.

1502 1725 1667 1807 Eph.
1710 1741 1772 1798 41
1822 1744 1848 1786 1
1864 1746 1921 1786 1.

352 1813 747 1895 sycomorus
788 1817 857 1870 et
892 1808 1277 1888 sycaminus
1318 1827 1427 1868 ea·
1459 1810 1852 1892 Synedrium
1897 1809 2071 1869 unde
2118 1808 2371 1869 dicatur
2413 1807 2532 1869 Se-

397 1898 545 1957 dem
620 1894 861 1978 arbor,
940 1893 1108 1958 Luc.
1175 1912 1273 1972 171
1341 1891 1427 1969 6,
1498 1905 1689 1956 natus
1758 1895 2029 1979 Magnus
2098 1892 2477 1953 Iudaeorum
2504 1936 2527 1969 ,

405 1999 500 2061 191
545 1992 609 2052 4.

1500 1979 1733 2042 Matth.
1777 1982 1837 2040 5:
1886 1999 1987 2038 22.
2054 1977 2109 2038 A
2154 1978 2331 2039 Mose
2375 1998 2535 2037 con·-

356 2062 735 2147 Bymbolum
802 2061 956 2124 fidei
1017 2060 1191 2142 apud
1237 2045 1432 2121 Anti-
1502 2066 1796 2125 stitutum
1864 2063 1993 2125 suit
2058 2065 2337 2141 capitum
2404 2082 2530 2143 72,

394 2168 555 2230 quos
590 2168 726 2209 non
758 2166 888 2207 una
915 2146 1264 2208 verborum
1290 2146 1431 2206 for·
1503 2149 1666 2210 Luc.
1716 2166 1812 2211 101
1867 2167 1924 2207 ι.
2015 2144 2261 2207 Habuit
2321 2154 2537 2225 potes-

313 2264 318 2273 ·
394 2234 575 2293 mula
657 2232 1094 2310 conscriptum
1177 2228 1381 2289 fuisse
1409 2271 1428 2305 ,

396 2316 631 2382 Matth.
657 2319 755 2383 281
792 2336 887 2395 ¹9·
946 2314 1257 2395 Symbola
1289 2314 1429 2375 sive

401 2403 587 2485 signa
628 2421 849 2461 eorum
884 2419 1046 2478 quae
1078 2398 1195 2458 sub
1233 2399 1431 2458 intel-

396 2487 638 2554 lectum
684 2485 925 2550 cadunt
965 2493 1116 2542 sunt
1154 2503 1230 2542 ea
1267 2503 1431 2564 quae

400 2572 517 2631 sub
557 2590 882 2643 ⁴sensum,
954 2567 1136 2626 Rom.
1195 2580 1257 2637 41
1332 2586 1431 2627 11.

273 2723 280 2730 o
402 2654 730 2735 symbolis
801 2653 1036 2710 docere
1098 2668 1233 2708 mos
1299 2647 1430 2709 He·-

400 2739 782 2808 braeorum,
830 2732 1062 2792 Matth.
1102 2753 1202 2795 211
1254 2753 1360 2815 19.

360 2820 733 2904 symbolica
746 2814 1157 2899 philosophia
1183 2839 1222 2880 a
1236 2817 1432 2898 Chal·-

401 2905 623 2979 daeis‚
680 2902 996 2964 Hebraeis
1054 2911 1120 2963 et
1177 2904 1430 2983 Aegyp-

398 2990 513 3049 tiis
578 2987 912 3069 profecta,
974 2988 1147 3050 unde
1194 2996 1259 3047 et
1305 2987 1433 3065 Py-

400 3074 710 3154 thagoras
740 3092 882 3139 eam
916 3069 1167 3150 haunit,
1204 3070 1434 3138 Matth.

364 3180 712 3329 &guagoga
813 3239 969 3322 quid
1066 3238 1432 3321 significet,

409 3326 639 3388 Matth.
693 3343 786 3390 10:
843 3343 958 3404 17,
1026 3324 1183 3390 Luc.
1223 3324 1282 3385 61
1337 3343 1436 3385 22.

299 3457 304 3464 -
408 3412 696 3474 Sumitur
758 3429 877 3486 pro
938 3408 1087 3470 loco
1151 3418 1216 3469 et
1279 3428 1433 3466 con-

406 3505 610 3562 ventu
634 3499 662 3571 ,“
689 3492 919 3556 Matth.
952 3506 1011 3566 41
1052 3496 1172 3568 23,
1224 3513 1248 3553 1
1284 3492 1438 3554 Cor·

412 3599 510 3641 111
553 3581 670 3666 18.
744 3577 923 3646 Idem
974 3597 1112 3641 cum
1163 3576 1435 3644 Prosen-

409 3663 579 3739 cha,
627 3663 788 3723 ibid.
873 3663 1068 3722 Dicta
1115 3662 1306 3725 etiam
1357 3662 1435 3721 de

403 3759 599 3810 coetu
656 3745 1175 3812 Christianorum
1204 3790 1223 3821 ,
1274 3747 1439 3807 .Act.

416 3839 511 3902 151
543 3853 610 3904 21
639 3879 659 3910 ,
691 3833 822 3896 Iac.
847 3852 904 3894 2:
935 3852 994 3898 2.
1057 3830 1437 3911 synagogae

410 3939 545 3985 non
596 3927 846 3981 tantum
891 3912 1275 3975 in'urbibus
1327 3915 1434 3975 sed

322 4017 333 4026 “
409 4012 477 4067 et
538 4003 606 4061 in
667 4002 835 4061 vicis
887 3999 1237 4063 maioribus
1284 3999 1435 4059 olim

412 4088 803 4153 constitutae
843 4095 1067 4163 eraut,
1114 4082 1342 4147 Matth.
1375 4105 1433 4164 9:

416 4179 490 4230 ὃς)
513 4218 526 4236 ,
563 4171 759 4238 Marc.
790 4191 841 4239 1:
867 4175 977 4252 39,
1015 4190 1036 4227 1
1065 4169 1438 4247 Tim.5:17.

416 4255 580 4325 Quot
624 4257 779 4320 olim
809 4255 1277 4334 hierosolymis
1301 4252 1429 4312 sue-

412 4338 590 4414 rint,
640 4341 781 4426 Act.
825 4343 883 4407 63
928 4361 987 4417 9.
1065 4338 1401 4419 Synagoga

408 4442 551 4497 rum
580 4444 713 4492 mos
736 4471 757 4509 ,
791 4424 1020 4492 Matth.
1045 4419 1253 4506 4523,
1283 4424 1399 4484 Lm

1498 2242 1698 2294 tatem
1742 2231 2211 2312 pronuntiandi
2246 2249 2285 2291 a
2318 2230 2536 2311 Syna-

1502 2339 1665 2400 goga
1724 2317 2020 2393 alienos,
2089 2314 2247 2375 Luc.
2307 2314 2369 2376 61
2431 2333 2537 2377 22.

1502 2401 1835 2475 Quomodo
1893 2398 2314 2478 pronuntiare
2372 2398 2538 2457 soli-

1500 2495 1670 2560 tum,
1693 2483 1841 2542 dum
1868 2501 2061 2562 penes
2087 2481 2254 2541 illud
2287 2480 2537 2541 iudicia

1502 2567 1813 2648 capitalia
1852 2573 2105 2641 essent,
2149 2566 2381 2627 Matth.
2426 2568 2527 2634 26:

1500 2653 1606 2712 66.
1659 2650 1936 2723 Quando
1960 2650 2206 2710 iudicia
2231 2651 2536 2731 capitalia

1500 2737 1563 2799 ei
1606 2736 1823 2796 ablata
1868 2734 2155 2812 fuerint,
2206 2743 2273 2813 et
2318 2755 2355 2793 a
2393 2736 2571 2816 qui-'

1503 2823 1618 2882 bus
1642 2868 1662 2900 ,
1701 2819 1868 2880 ibid.
1933 2819 2160 2896 Qualis
2202 2830 2337 2880 tum
2373 2829 2538 2881 tem-

1503 2907 1682 2987 poris
1738 2902 1998 2964 effectus
2046 2907 2406 2965 sententiae
2452 2903 2533 2965 ab

1504 2991 1624 3050 illo
1671 2990 1841 3050 latae
1885 2990 1956 3049 in
2001 2989 2377 3049 criminibus
2425 3009 2536 3048 ca-

1504 3074 1815 3156 pitalibus
1844 3119 1862 3151 ,
1944 3072 2107 3132 ibid.
2218 3074 2534 3134 Adstunte

1505 3161 1743 3242 populo
1823 3158 2200 3239 quandoque
2282 3158 2536 3217 solebat

1507 3243 1815 3306 accedere
1875 3243 1958 3301 ad
2004 3242 2293 3301 tribunal
2338 3242 2538 3301 Prae-

1507 3328 1669 3388 sidis
1694 3371 1713 3402 ‚
1742 3325 1973 3389 Matth.
2000 3345 2095 3401 271
2131 3346 2225 3403 17.
2291 3323 2537 3385 Haberi
2660 3353 2667 3357 ·

1507 3433 1640 3472 non
1688 3411 1928 3471 licebat
1970 3410 2195 3482 diebus
2241 3409 2426 3469 festis
2471 3419 2549 3492 et'

1509 3493 1852 3572 Sabbath,T
1905 3494 2067 3554 ibid.
2100 3493 2222 3571 62,
2287 3496 2385 3556 281
2439 3514 2536 3555 12.

1511 3580 1894 3645 confidebat
1921 3580 1991 3638 in
2016 3579 2285 3657 quadam
2312 3578 2538 3659 templi

1508 3676 1727 3748 parte,
1774 3662 2005 3742 Matth.
2048 3664 2146 3723 261
2191 3667 2255 3723 5.
2325 3661 2541 3725 Habe-

1510 3751 1699 3809 batur
1742 3748 1813 3808 in
1851 3746 2104 3828 porticu
2139 3747 2535 3825 excelsiore,

1514 3833 1671 3893 Luc.
1708 3851 1806 3897 221
1847 3833 1950 3892 66.
2015 3830 2291 3893 Veniam
2331 3833 2540 3891 delic-

1510 3927 1723 3977 torum
1760 3919 1913 3978 dare
1951 3917 2275 3996 nequivit,
2306 3914 2537 3977 Matth.

1511 4021 1609 4082 27:
1684 3994 1808 4063 150'
1870 4002 2142 4088 Legatos
2213 4000 2387 4058 misit
2453 3998 2539 4062 ad.
2635 4054 2639 4057 .

1513 4088 1708 4146 totius
1768 4086 1941 4145 orbis
1991 4081 2259 4148 Iudaeos
2307 4082 2391 4143 ad
2440 4083 2542 4145 di·-
2658 4159 2661 4160 ⁷

1511 4172 1907 4252 vulgandum
1979 4167 2381 4230 mendacium
2455 4169 2536 4230 de

1515 4255 1779 4316 Christo
1815 4276 1847 4313 a
1880 4255 2215 4334 discipulis
2241 4253 2544 4313 subtrac-

1511 4350 1616 4416 to,
1645 4338 1874 4399 Matth.
1903 4341 1999 4398 281
2035 4342 2139 4410 15,
2170 4338 2323 4396 Luc.
2350 4337 2409 4397 6:
2443 4358 2546 4403 22.

1516 4423 1791 4512 Legatos
1839 4422 2015 4489 misit
2038 4424 2145 4485 ‘ad
2170 4420 2543 4485 ,1011111111οω

2481 4516 2544 4570 et
