2779 5085
374 226 511 352 36¹

416 429 513 490 13:
556 428 660 487 55.
745 427 800 487 A
845 424 1036 483 rebus
1074 421 1286 484 obviis
1326 444 1440 484 oe-

412 511 739 571 casionem
779 510 1048 589 sumpsit
1083 509 1441 568 sententia-

413 614 557 658 rum
610 593 907 666 suarum,
958 592 1189 654 Matth.
1236 596 1294 653 8:
1342 614 1437 653 22.

362 726 369 732 .
415 680 742 739 Attentius
779 678 1007 736 volens
1038 678 1292 756 precari
1318 678 1433 737 Pa-

411 774 575 823 trem
617 762 954 822 adscendit
998 762 1068 819 in
1116 771 1434 836 montem,

413 848 625 911 Marc„⁸
647 850 705 908 3:
741 850 852 917 13,
896 844 955 904 6:
980 844 1084 915 46.
1150 847 1203 906 A
1249 848 1440 907 turba

411 933 697 1010 undique
776 931 1072 989 obstante
1148 930 1436 1010 Caphar-

364 1062 375 1075 .
413 1017 634 1077 naumi
679 1014 1024 1094 impeditur
1070 1014 1281 1072 cibum
1330 1036 1432 1073 ca·

368 1146 373 1153 .
411 1121 564 1184 pere
587 1132 619 1174 ‚·
649 1098 850 1159 Marc.
878 1102 933 1158 3:
966 1116 1064 1157 20.
1173 1099 1437 1158 udiendi

365 1229 371 1236 .
412 1186 512 1244 sui
561 1184 803 1261 copiam
846 1185 1299 1260 quaerentibus
1341 1182 1435 1241 sa-

413 1289 558 1327 cere
584 1268 838 1342 solitus,
872 1265 1008 1326 [oh.
1034 1288 1090 1344 7:
1129 1286 1222 1325 11.
1270 1268 1440 1346 Bap-

410 1354 665 1410 tismum
684 1360 750 1410 et
768 1352 1319 1431 praedicationem-
1336 1353 1428 1411 Io-

409 1435 647 1495 hannis
692 1436 823 1514 ipse
863 1435 1286 1497 cohonestare
1322 1456 1438 1496 vo-

410 1522 577 1594 luit,
626 1519 765 1579 Ioh.
819 1540 871 1581 1:
923 1540 1025 1600 29.
1112 1520 1221 1579 Bis
1285 1541 1436 1580 con-

362 1648 369 1657 .
413 1607 632 1683 spicuo
671 1605 853 1684 signo
887 1606 1197 1683 probavit¹
1225 1626 1289 1664 se
1324 1626 1440 1665 ve-

412 1690 585 1750 nisse
614 1689 696 1747 ad
718 1688 1047 1768 purganda
1067 1710 1274 1764 sacra,
1299 1689 1440 1748 Ioh.

412 1793 471 1835 2:
531 1787 625 1843 14.
716 1772 1187 1851 capharnaumi
1251 1773 1437 1832 habi-

407 1858 620 1929 tavit,
659 1856 891 1919 Matth.
926 1878 985 1937 9⁴:
1031 1877 1086 1917 1.
1149 1858 1436 1937 Caphar-

409 1941 627 2002 naumi
686 1942 1079 2021 propinquos
1134 1941 1439 2001 habuisse

362 2074 371 2083 .
411 2026 739 2100 creditur,
786 2027 991 2086 Marc.
1032 2028 1071 2087 3
1114 2045 1215 2085 21.
1279 2027 1438 2086 Coe-

407 2111 611 2170 nabat
648 2130 837 2190 saepe
879 2110 1047 2188 apud
1084 2110 1436 2182 Lazarum,

360 2238 369 2247 ·
413 2203 479 2255 et
540 2195 675 2253 eius
736 2214 1031 2267 sorores,
1084 2192 1221 2251 loh.
1268 2196 1325 2253 8:
1383 2211 1438 2251 1.

413 2277 805 2356 Coniugibus
842 2277 946 2354 qui
987 2275 1171 2335 ambo
1212 2276 1436 2337 Chris·

408 2363 574 2422 tiani
606 2369 787 2435 sunt,
814 2369 1223 2439 praeceptum
1259 2362 1442 2421 dedit

364 2496 369 2499 .
407 2454 658 2506 tantum
675 2490 693 2519 ,
720 2465 856 2504 non
880 2444 957 2503 iis
980 2466 1246 2537 quorum
1274 2446 1439 2505 alter

405 2531 739 2604 infidelis,
792 2549 815 2588 1
856 2529 1004 2589 Cor.
1031 2551 1088 2608 7:
1124 2551 1220 2591 12.
1269 2530 1442 2590 Con-

363 2616 560 2676 ‘silia
623 2614 748 2675 Dei
808 2613 1049 2676 Mundo
1095 2615 1436 2693 patefecit,

362 2743 367 2750 ·
409 2699 551 2761 loh.
621 2720 674 2761 1:
742 2701 849 2757 18..
927 2697 1157 2758 Coram
1226 2700 1438 2774 Pilato

408 2793 742 2843 accusatus
766 2804 880 2842 cur
892 2786 1135 2842 tacueri
1147 2793 1188 2856 t,
1209 2784 1439 2845 Matth.

408 2888 508 2947 27:
555 2889 647 2930 12.
715 2866 1001 2946 Corpore
1037 2878 1364 2946 prostrato
1404 2891 1436 2926 a

364 2989 371 2998 ·
408 2954 539 3013 suis
563 2962 703 3031 post
719 2954 1260 3013 resurrectionem
1285 2954 1439 3012 ado-

406 3039 586 3098 ratus
621 3047 750 3110 est,
772 3035 1143 3118 matthea&
1172 3058 1233 3117 9.
1279 3037 1436 3096 Cum

408 3121 647 3181 dicitur
703 3142 894 3196 super
941 3122 1195 3197 omnia,
1244 3123 1437 3181 tacite

407 3207 735 3284 excipitur
774 3206 1004 3279 Pater,
1052 3206 1239 3264 Rom.
1279 3227 1336 3286 9:
1374 3210 1438 3266 5.

409 3289 566 3348 Cum
606 3290 891 3348 diluculo
925 3289 1287 3369 incipiebat
1322 3292 1435 3350 do-

408 3394 594 3448 cere,
646 3371 787 3432 Ioh.
835 3392 892 3451 7:
944 3393 1003 3433 2.
1095 3373 1253 3433 Cum
1303 3376 1435 3434 elo-

364 3485 371 3496 ·
405 3459 511 3538 gio
578 3456 880 3516 »affectati
955 3459 1142 3536 regni
1226 3459 1436 3518 Pilato

402 3542 680 3601 traditus
723 3541 873 3615 suit,
919 3540 1154 3601 Matth.
1196 3564 1294 3621 27:
1340 3563 1438 3603 11.

408 3627 582 3686 Cum,
625 3626 1112 3707 praedicatione
1168 3636 1235 3687 et
1277 3628 1439 3708 bap-f

366 3713 600 3770 =tismo
656 3711 861 3786 ‘venit
886 3754 904 3783 ,
985 3709 1128 3770 1011.
1164 3755 1172 3764 .
1212 3730 1263 3772 1:
1335 3733 1437 3789 27.

370 3837 374 3842 ·
409 3795 568 3853 Cum
592 3816 746 3873 puer
766 3795 1177 3854 redeuntibus
1201 3816 1435 3875 paren-

363 3919 370 3926 ·
402 3880 574 3937 tibus
606 3878 1060 3959 Hierosolyma
1088 3882 1435 3940 remansis·-

366 4005 371 4011 ·
405 3973 542 4036 set,
586 3983 698 4021 cur
740 3965 996 4041 vesperi
1039 3965 1310 4042 primum
1350 3966 1433 4023 ab

403 4046 564 4126 ipsis
592 4046 989 4106 desideratus
1016 4049 1244 4124 fuerit,
1279 4049 1436 4108 Luc.

407 4151 502 4191 11:
531 4143 635 4201 44.
704 4130 863 4189 Cum
894 4133 1288 4193 sacrificium
1315 4135 1427 4194 Pa-

402 4213 649 4273 schatis
674 4213 938 4293 implere
964 4238 1094 4276 non
1120 4228 1334 4296 posset
1352 4221 1434 4278 ob

365 4307 654 4378 ·tempus
738 4301 963 4359 mortis
1044 4303 1432 4377 imminens,

401 4383 780 4444 memoriam
824 4393 1040 4445 tamen
1083 4386 1222 4445 eius
1267 4390 1430 4447 cele-

399 4466 661 4546 bravit,
711 4467 945 4531 Matth.
980 4468 1082 4529 26:
1128 4473 1244 4548 18,
1292 4470 1432 4533 1012.

1495 1260 1745 1330 'Matth.
1789 1271 1888 1327 25:
1939 1269 2040 1328 35.

1186 263 1859 330 INDEX..

1524 427 1617 486 13:
1686 440 1746 485 2.
1848 412 1983 483 c‘ur
2027 422 2233 484 *circa
2295 432 2543 505 tempus

1516 507 1829 572 Paschale
1860 505 2209 568 crucifixus
2244 509 2362 586 sit,
2401 510 2544 570 1011.

1524 599 1614 655 13:
1691 613 1744 653 1.
1833 594 1964 653 Cur
2034 613 2294 653 coecum
2357 604 2548 654 extra

1516 677 1925 747 Bethsaidam
1980 677 2240 738 duxerit
2283 687 2353 737 ut
2397 699 2543 738 eum

1516 771 1814 837 sanaret,
1865 762 2067 821 Marc.
2113 765 2171 822 8:
2223 767 2352 824 23..
2411 763 2545 822 Cur

1516 849 1593 908 de
1659 843 1766 905 die'
1826 846 2051 905 u'ltimo
2079 889 2097 919 ,
2164 847 2416 925 quando
2481 847 2543 905 is

1510 933 1762 992 futurus
1804 938 2009 1005 esset,
2054 931 2227 989 nihil
2263 933 2392 991 suis
2434 951 2550 990 re-

1515 1016 1882 1089 velaverit,
1960 1033 1983 1072 1
2060 1014 2210 1075 Cor.
2279 1019 2371 1076 15:
2437 1019 2550 1075 52.

1518 1099 1646 1158 Cur
1692 1102 1762 1159 in
1813 1097 2136 1176 parabolis
2186 1119 2384 1180 opera
2430 1121 2552 1179 po-

1515 1187 1643 1244 tius
1680 1184 2002 1257 nominet,
2028 1204 2214 1262 quam
2244 1183 2547 1260 affectus,

2129 1268 2259 1327 Cur
2301 1269 2372 1327 in
2416 1268 2553 1349 Sy-

1516 1374 1761 1434 nagoga
1798 1350 2276 1431 Capharnaumi
2308 1353 2553 1413 docue-

1513 1439 1640 1511 rit,
1684 1435 1825 1497 Ioh.
1854 1436 1913 1494 6:
1947 1438 2050 1514 59.
2122 1435 2249 1495 Cur
2287 1437 2356 1494 in
2397 1447 2553 1496 ten-

1515 1523 1869 1581 tationibus
1901 1521 2038 1578 suis¹
2061 1540 2216 1599 opus
2242 1512 2549 1580 h‘abuerit

1517 1607 1909 1686 Angelorum
1945 1604 2220 1679 solatio,
2255 1605 2408 1663 Luc.
2437 1623 2541 1664 22:

1514 1696 1620 1762 43.
1650 1690 1951 1750 Curiosas
1971 1689 2376 1766 quaestiones
2398 1689 2546 1748 sine

1512 1795 1824 1855 responso
1855 1773 2126 1832 reiicere
2158 1773 2353 1849 solet,
2383 1772 2548 1832 Luc.

1522 1864 1617 1921 13:
1648 1863 1750 1920 23.
1804 1854 1934 1916 Cur
1970 1855 2249 1917 Sicimae
2280 1866 2545 1937 rogatus

1516 1962 1823 2016 manere,
1887 1941 2045 2000 duos
2111 1941 2248 2001 dies
2292 1951 2545 2000 tantum

1515 2027 1870 2099 manserit,
1923 2023 2066 2084 ioh.
2109 2037 2170 2095 4:
2218 2039 2323 2094 4ο.
2412 2025 2548 2085 Cur

1514 2131 1628 2190 per
1661 2109 1863 2168 multa
1884 2107 2242 2175 tribunalia
2268 2107 2549 2169 circum-
2578 2132 2590 2147 κ’

1515 2195 1737 2253 ductus
1800 2191 2042 2268 fuerit,
2103 2190 2390 2253 1012..18:
2442 2195 2547 2254 28.

1517 2279 1645 2338 Cur
1673 2278 1845 2336 Urbe
1870 2277 2340 2355 subvesperam
2365 2278 2548 2337 exie·
2655 2298 2658 2299 ⁷

1512 2363 1603 2422 rit
1631 2362 1850 2422 eiectis
1883 2382 1917 2421 e
1949 2361 2184 2441 templo
2215 2362 2548 2422 nundina-

1509 2446 1800 2522 to‘ribus,
1848 2446 2054 2507 Marc.
2100 2464 2193 2505 11:
2247 2465 2343 2524 19.
2413 2445 2546 2506 Cur

1512 2533 1646 2612 ipse
1666 2531 1983 2591 neminem
1999 2529 2294 2605 tinxerit,
2310 2529 2545 2592 Matth.

1512 2620 1611 2678 28:
1645 2636 1737 2695 19.
1784 2616 1912 2675 Cur
1936 2615 2133 2674 fuisse
2154 2636 2296 2673 cum
2315 2616 2542 2674 bestiis

1514 2702 1769 2760 dicatur
1790 2742 1809 2776 ,
1861 2702 2064 2761 Marc.
2107 2719 2167 2762 11:
2220 2704 2318 2760 13.
2411 2700 2544 2760 Cur

1512 2784 1770 2844 morbos
1834 2805 1969 2844 non
2031 2783 2367 2844 sanaverit
2410 2784 2543 2844 nisi

1510 2871 1581 2929 in
1614 2869 2058 2941 credentibus,
2086 2869 2354 2928 Rom-J.
2409 2868 2545 2930 Cur

1510 2956 1700 3014 urbes
1727 2962 1793 3014 et
1815 2954 1997 3013 vicos
2024 2951 2297 3014 Iudaeae
2318 2973 2540 3024 omnes

1475 3085 1476 3088 η
1512 3040 1753 3099 obierit
1776 3083 1796 3114 ,
1869 3039 2042 3097 Luc..
2075 3040 2134 3097 8:
2192 3058 2215 3096 1
2248 3081 2268 3112 ,
2337 3037 2544 3098 Marc.

1521 3143 1571 3183 1:
1604 3126 1679 3184 38
1704 3170 1723 3200 ,
1759 3126 1818 3183 8:
1854 3142 1950 3182 10.
1995 3122 2274 3188 Davidis
2307 3121 2540 3200 stirps,

1513 3208 1583 3268 in
1622 3207 1817 3267 terris
1859 3226 2129 3287 regnare
2172 3206 2382 3284 coepit
2426 3226 2546 3283 per

1516 3292 2008 3352 Constantinum
2026 3336 2044 3366 ,
2069 3293 2211 3350 Act.
2235 3309 2287 3349 1:
2313 3310 2370 3368 7.
2415 3289 2544 3350 Dei

1509 3379 1773 3436 nomine
1793 3385 2019 3456 regnat
2038 3371 2311 3454 semper,
2337 3375 2544 3453 Apoc-

1521 3480 1614 3520 11:
1652 3465 1745 3521 15.
1788 3462 1990 3520 Deum
2021 3459 2305 3534 Patrem,
2331 3460 2543 3519 Deum

1512 3565 1697 3604 suum
1722 3553 1948 3617 vocat,
1979 3546 2180 3624 Apoc.
2207 3547 2263 3604 3:
2294 3547 2354 3604 3.
2397 3545 2541 3603 Deo

1513 3651 1630 3688 nos
1698 3628 2031 3688 exhibebit
2085 3631 2171 3686 'ut
2240 3648 2389 3686 suos
2417 3672 2436 3703 ,
2507 3648 2534 3689 1

1512 3712 1743 3774 Thess.
1769 3717 1825 3774 3:
1863 3717 1960 3774 13.
2025 3713 2284 3772 Dicitur
2306 3712 2539 3772 fecisse

1499 3798 1680 3875 -quod
1715 3817 1829 3878 per
1867 3797 2211 3875 Apostolos
2246 3796 2389 3855 fieri
2418 3816 2542 3854 vo-

1510 3881 1770 3957 voluit,
1836 3880 1978 3942 Ioh.
2031 3902 2082 3941 1:
2132 3903 2192 3960 9.
2277 3878 2541 3939 Dicitur

1508 3966 1837 4025 rediturus
1864 3967 1944 4025 ad
1969 3963 2394 4044 segregandos
2420 3963 2541 4022 bo-

1510 4071 1627 4109 nos
1672 4071 1710 4109 a
1753 4041 1979 4124 malis,
2024 4047 2253 4109 Matth.
2296 4050 2393 4108 25:
2436 4051 2539 4110 32.

1510 4133 1635 4193 Die
1669 4134 1873 4195 natali
1909 4154 2024 4193 suo
2061 4153 2192 4192 non
2221 4131 2348 4190 fuit
2379 4132 2544 4211 bap-

1510 4219 1743 4278 tizatus
1785 4220 1900 4280 sed
1942 4219 2186 4296 aliquot
2224 4224 2367 4291 post
2403 4216 2544 4275 die-

1511 4303 1669 4378 bus,
1720 4305 1875 4365 Luc.
1920 4307 1978 4363 3:
2029 4304 2129 4363 23.
2214 4301 2399 4359 Diem
2446 4300 2546 4360 la-

1511 4389 1702 4466 bori,
1765 4396 2023 4447 noctem
2075 4385 2374 4466 precibus
2420 4385 2544 4444 im-

1509 4473 1867 4553 pendebat,
1907 4466 2067 4533 Luc.
2095 4489 2193 4536 21:
2222 4474 2325 4551 37.
2390 4471 2548 4549 ng-

2448 4555 2553 4612 ni·

1486 4663 1515 4689 A
