2779 5085
352 280 467 357 148
1166 268 1699 350 1Nn11zx

387 440 734 515 appareat,
785 451 814 497 1
856 429 1011 492 Cor.
1043 441 1104 500 4:
1134 448 1238 491 2ο.
1280 429 1417 492 Ma·-
1493 431 1664 487 Deus
1696 428 1779 488 ad
1815 426 2096 488 nominis
2121 429 2218 489 sui
2246 429 2515 511 gloriam

387 519 585 578 iestas
655 512 903 577 Divina
991 516 1417 592 inconspicua
1497 524 1561 572 et
1625 512 1958 573 Ecclesiae
2024 517 2469 594 purgationem
2500 561 2518 590 ,

438 622 614 667 erse
658 602 729 659 in
777 600 1036 660 christo
1086 600 1416 669 cernitur,
1499 597 1654 656 Luc.
1729 618 1821 657 12:
1890 613 1995 674 49.
2114 599 2304 659 Malis
2377 619 2521 662 ‚non

389 624 594 747 Eebr.
647 704 700 749 1:
750 689 808 748 3.
894 684 1247 745 Maiestatis
1304 686 1406 741 Di·
1497 682 1653 739 adeo
1718 682 2058 761 deputatur
2122 684 2205 741 ad
2274 684 2521 762 culpam

393 770 589 830 vinae
656 770 910 829 radium
977 766 1256 826 Hebraei
1305 788 1417 826 vo·
1495 765 1665 843 quod
1710 767 2057 845 ignorant,
2121 785 2307 844 quam
2354 768 2524 845 quod

396 853 631 913 cabant
655 854 964 934 gloriam,
1002 870 1022 908 1
1056 851 1207 909 Cor.
1240 870 1332 911 ιιι
1364 872 1422 917 7.
1499 850 1822 929 negligant
1864 870 2173 927 quaerere
2216 852 2385 929 qnod
2428 854 2526 931 ig-

351 937 710 1000 Malachias
743 934 1097 1015 Propheta,
1137 935 1420 1015 Angelus
1498 943 1779 1009 norant,
1828 954 1864 993 2
1889 934 2062 992 Petr.
2097 939 2154 996 3:
2204 934 2297 993 ι6.
2364 936 2525 996 Mali

398 1021 606 1080 dictus
635 1066 653 1096 ,
702 1019 933 1083 Matth.
987 1038 1079 1078 ιιι
1138 1037 1229 1076 ιο.
1500 1039 1673 1076 mens
1713 1020 1972 1075 conscia
1998 1019 2335 1097 quidquam
2361 1020 2524 1079 boni

354 1105 648 1167 Malchus
716 1104 882 1185 apud
938 1104 1139 1182 Syros
1186 1122 1415 1161 nomen
1497 1103 2123 1179 sperarenonaudet,
2155 1102 2525 1164 Rom.6:22.

389 1189 739 1267 frequens,
788 1187 928 1249 loh.
958 1190 1052 1247 18:
1096 1206 1192 1245 10.
1260 1185 1422 1245 Mal·
1464 1186 1694 1245 Malum
1757 1189 2210 1263 temporarium
2289 1191 2524 1247 multos

395 1271 503 1330 chi
546 1272 870 1332 vulnerati
919 1270 1192 1330 historia
1240 1290 1276 1327 a
1319 1270 1406 1330 lo·
1498 1280 1726 1345 sanat,
1776 1291 1802 1329 -ι
1860 1270 2011 1329 Cor.
2053 1275 2114 1333 5:
2155 1275 2216 1335 5.
2286 1272 2525 1331 Malum

391 1355 613 1415 hanne
678 1378 792 1436 per
834 1365 1257 1415 retrocessum
1309 1376 1419 1434 po·
1500 1355 1782 1414 vincitur
1825 1354 2137 1429 set-ende,
2198 1352 2382 1415 Rom.
2429 1377 2522 1417 12:

398 1441 522 1498 sita
564 1448 704 1514 est,
752 1440 982 1501 Matth.
1028 1441 1126 1500 26:
1173 1438 1276 1500 56.
1502 1458 1599 1496 21.
1703 1440 1757 1498 Α
1828 1439 2000 1499 Malo
2059 1440 2349 1499 vincitur
2417 1442 2529 1518 qui

355 1523 818 1587 maledicentia
845 1522 1287 1583 Hebraeorum
1322 1522 1419 1580 vi-
1502 1523 1700 1580 malos
1746 1524 2081 1599 imitatur,
2125 1523 2285 1583 ibid.
2350 1525 2528 1587 Mala

395 1607 598 1682 tium,
645 1608 777 1668 Iac.
828 1624 881 1668 1:
929 1607 1032 1668 26.
1497 1608 1801 1684 quaedam
1883 1617 2032 1667 sunt
2104 1608 2295 1667 etiam
2360 1611 2527 1669 citra

357 1692 704 1755 Maledicta
774 1710 906 1750 non
963 1690 1235 1770 regessit
1290 1691 1422 1749 Do·
1502 1691 1698 1770 legem
1728 1735 1747 1766 ,
1814 1690 1973 1750 Luc.
2020 1711 2118 1752 22:
2169 1712 2268 1751 22.
2351 1693 2529 1755 Mala

396 1776 606 1837 minus
670 1778 743 1834 in
807 1776 1259 1836 maledicentes
1326 1778 1420 1855 ip·
1502 1776 1808 1853 quaenam
1880 1796 2038 1836 vere
2107 1776 2282 1852 sint,
2367 1777 2527 1837 Luc.

398 1881 535 1919 sum
565 1904 583 1934 ,
631 1859 749 1920 Ioh
803 1862 896 1920 18:
946 1864 1048 1921 23·
1338 1913 1345 1919 .
1510 1879 1601 1919 12:
1672 1862 1766 1919 18.
1853 1857 2028 1919 Mala
2094 1860 2295 1920 multa
2358 1862 2533 1941 pati-

355 1944 819 2008 Maledicorum
847 1944 972 2002 duo
992 1964 1227 2024 genera
1253 1953 1423 2017 sunt,
1502 1952 1695 2002 untur
1719 1989 1741 2022 ,
1817 1944 1924 2022 qui
1990 1946 2220 2025 pietati
2280 1966 2346 2005 se
2416 1947 2534 2017 de·-

400 2049 780 2088 susurrones
848 2033 913 2088 et
984 2030 1423 2100 detractores,
1504 2028 1706 2101 dunt,
1766 2025 1962 2087 Hebr.
2026 2049 2120 2089 11:
2173 2048 2269 2088 ιε).
2354 2031 2532 2092 Mala
2643 2064 2650 2070 ·

399 2113 603 2173 Marc.
650 2134 707 2193 7:
759 2131 858 2172 22.
1501 2111 1790 2168 fidelium
1855 2111 1937 2169 ad
2004 2113 2203 2173 breve
2278 2123 2530 2194 tempus

355 2197 637 2259 Malefici
725 2198 987 2274 quinam
1080 2197 1380 2253 dicantur
1410 2239 1425 2266 ,
1501 2195 1771 2268 durant,
1814 2193 2010 2254 Hebr.
2055 2216 2150 2256 10:
2198 2202 2301 2276 37.
2353 2199 2532 2259 Mala

405 2281 561 2341 Luc.
607 2285 702 2342 23:
754 2284 865 2351 32,
933 2299 959 2343 1
1008 2279 1181 2338 Petr.
1220 2294 1280 2348 4:
1337 2283 1428 2339 15.
1501 2299 1730 2357 magna
1773 2277 2117 2355 brevibus,
2165 2273 2278 2340 sed
2315 2284 2535 2341 effica-

357 2365 515 2428 Mali
554 2363 883 2441 Principes
927 2363 1203 2422 oderunt
1243 2363 1422 2440 quid·
1503 2363 1683 2420 cibus
1728 2365 1946 2427 verbis
1983 2365 2390 2440 praetervehi
2422 2389 2536 2426 so·-

398 2449 556 2528 quid
578 2449 759 2508 vitiis
786 2447 1149 2523 inimicum,
1196 2446 1426 2507 Matth.
1503 2447 1589 2503 let
1637 2445 2000 2519 Iohannes,
2047 2449 2248 2527 Apoc.
2288 2468 2384 2510 ιιι
2431 2454 2533 2510 15.

406 2547 502 2603 14:
553 2537 613 2595 3.
1500 2529 1672 2591 Mala
1742 2531 2042 2610 praevisa
2110 2532 2314 2592 minus
2379 2555 2536 2614 per-

357 2616 733 2697 Malignitas
779 2614 933 2694 quid
972 2615 1103 2691 sit,
1152 2615 1337 2673 Rom.
1370 2634 1422 2673 ιε
1502 2617 1792 2694 cellunt,
1857 2615 1997 2674 Ioh.
2065 2616 2158 2676 16:
2215 2637 2269 2677 ι.
2355 2618 2534 2679 Mala

401 2719 505 2779 29,
1499 2719 1659 2778 quae
1707 2701 1777 2757 in
1816 2697 1942 2757 hac
1990 2700 2127 2760 vita
2172 2703 2528 2780 eveniunt,

358 2782 615 2846 Malitia
645 2782 844 2862 quale
891 2782 1122 2841 vitium
1152 2827 1169 2855 ,
1220 2783 1426 2844 Marc.
1498 2783 1755 2862 quando
1803 2785 1964 2842 fiant
2011 2785 2531 2863 admonitiones,

399 2888 460 2947 7:
510 2885 609 2926 22.
697 2867 989 2927 Malitiae
1046 2869 1232 2927 vocis
1299 2869 1425 2947 sig·
1510 2884 1532 2927 1
1589 2868 1741 2926 Cor.
1790 2887 1883 2927 11:
1930 2874 2033 2930 52.
2120 2871 2293 2931 Mala
2357 2881 2530 2936 stare

397 2951 734 3034 nificatio,
784 2953 928 3010 Act.
954 2956 1011 3012 3:
1044 2953 1153 3028 26,
1200 2972 1218 3011 1
1254 2953 1424 3012 Petr.
1503 2972 1633 3011 non
1702 2952 1914 3026 solent
1945 2967 1948 2968 ’
1981 2954 2092 3012 ubi
2158 2956 2483 3035 incipiunt
2507 3002 2531 3034 ,

401 3055 463 3096 2:
521 3031 587 3094 ι.’
630 3037 949 3098 ’ΜιΙίῖίαθ
1012 3036 1306 3097 definitio
1365 3048 1430 3094 et
1505 3040 1708 3115 Apoc.
1752 3055 1814 3096 2.·
1858 3037 1919 3096 6.
1980 3037 2296 3097 Malorum
2338 3060 2533 3118 prae-

403 3122 744 3199 exempla,
796 3120 975 3179 Rom.
1025 3140 1076 3181 1:
1127 3142 1225 3200 29.
1297 3121 1422 3178 Ma·
1505 3121 1708 3179 dictio
1765 3121 2081 3200 quomodo
2133 3122 2258 3201 piis
2318 3123 2535 3183 inser-

399 3204 546 3264 litia
585 3215 683 3264 est
718 3226 820 3264 res
846 3203 1261 3282 deprehensa
1299 3226 1428 3264 non
1503 3206 1684 3279 viat,
1733 3207 1933 3285 Apoc.
1973 3218 2037 3274 4²
2089 3224 2144 3264 ι.
2209 3205 2528 3268 Malorum

401 3289 728 3363 difficilis,
842 3288 1067 3346 M‘atth.
1145 3293 1242 3350 28:
1337 3294 1429 3350 13.
1508 3299 1810 3347 constans
1847 3289 2172 3368 perpessio
2196 3291 2278 3349 ad
2313 3311 2534 3364 exem-

401 3372 716 3451 Praeceps
749 3383 842 3431 est
881 3384 944 3431 et
981 3394 1230 3451 semper
1257 3374 1429 3432 ultra
1503 3373 1676 3452 plum
1729 3372 2015 3449 Christi,
2063 3382 2135 3432 ut
2179 3394 2218 3432 a
2268 3373 2535 3435 Christo

400 3457 612 3535 repit,
664 3457 800 3520 loh.
847 3477 939 3516 12:
993 3475 1080 3515 ιο.
1159 3456 1428 3527 Quaerit
1506 3459 1748 3537 optima
1798 3465 2231 3536 exspectemus
2262 3503 2281 3534 ,
2324 3459 2530 3536 facit,

401 3562 533 3600 non
581 3542 749 3619 quod
793 3542 1094 3613 miretur,
1123 3541 1234 3598 sed
1260 3542 1429 3619 quod
1514 3561 1536 3603 1
1591 3539 1732 3600 Ioh.
1772 3555 1833 3611 4:
1889 3559 1984 3620 17.
2078 3542 2399 3603 Malorum
2457 3544 2531 3604 in

403 3627 872 3691 calumnietur,
924 3623 1062 3684 Iob.
1102 3628 1159 3684 5:
1216 3645 1308 3684 12.
1507 3626 1747 3685 Mundo
1832 3643 2058 3685 causae
2131 3635 2266 3687 tres
2333 3636 2528 3704 sunt,

362 3708 534 3769 Mala
584 3713 813 3785 punica
856 3707 921 3767 in
974 3710 1257 3767 vestibus
1310 3709 1424 3768 Sa·
1508 3709 1843 3784 Luxuria,
1906 3711 2192 3771 Ambitio
2246 3722 2312 3773 et
2356 3714 2533 3772 Ava-
2588 3763 2598 3769 ,

399 3795 678 3854 cerdotis
738 3796 952 3873 Magni
990 3793 1141 3873 quid
1184 3794 1431 3875 signifi·
1504 3794 1705 3869 ritia,
1776 3789 1806 3853 ι’
1863 3789 2006 3853 10h.
2048 3816 2105 3857 2:
2162 3797 2258 3858 16.
2340 3796 2532 3857 Malis

403 3878 683 3955 cabant,
738 3878 934 3938 Hebr.
975 3882 1036 3939 5:
1090 3891 1187 3947 14.
1506 3879 1792 3937 obiicere
1852 3899 2048 3937 unum
2110 3888 2299 3960 caput
2338 3899 2526 3959 quam

359 3961 567 4022 Malus
613 3983 801 4023 nemo
848 3970 945 4022 est
984 3963 1228 4043 gratis,
1290 3960 1431 4022 loh.
1506 3964 1708 4022 multa
1749 3962 1952 4021 satius
1992 3972 2089 4023 est
2116 4007 2133 4038 ,
2185 3984 2209 4022 ι
2267 3964 2416 4023 Cor.
2464 3983 2523 4040 7:

403 4063 465 4122 7:
521 4047 616 4104 18.
700 4047 907 4108 Malus
971 4047 1210 4106 bonum
1285 4067 1427 4108 cum
1510 4047 1608 4105 26.
1693 4046 1881 4106 Malis
1944 4047 2295 4107 levioribus
2346 4047 2532 4106 defa-

402 4126 659 4186 simulat
717 4140 873 4191 tunc
924 4141 1024 4191 est
1074 4130 1427 4210 pessimus,
1505 4129 1696 4210 tigari
1755 4132 2119 4211 pudendum
2176 4131 2527 4208 fidelibus,

399 4210 550 4271 Act.
601 4212 691 4272 16:
758 4235 870 4293 17,
945 4235 970 4274 1
1025 4214 1197 4275 Petr.
1263 4233 1319 4274 2:
1377 4235 1430 4272 1.
1510 4214 1707 4274 Hebr.
1756 4235 1849 4276 12:
1897 4229 1958 4285 4.

400 4295 718 4356 Malorum
760 4298 1053 4379 contagia
1083 4298 1256 4356 omni
1293 4319 1430 4356 mo-
1466 4300 1720 4359 Malvae
1773 4298 2197 4358 arborescunt
2245 4298 2315 4359 in
2364 4301 2533 4359 Ara-

403 4380 486 4438 do
529 4380 878 4460 fugienda,
949 4383 1110 4442 Luc.
1179 4402 1271 4461 17:
1326 4388 1426 4445 32.
1503 4384 1606 4441 bia
1632 4393 1697 4443 et
1737 4383 1954 4446 baculi
1976 4389 2160 4443 usum
2180 4385 2527 4466 praebent,

399 4464 718 4527 Malorum
760 4487 951 4546 opera
991 4465 1194 4527 utitur
1234 4467 1426 4528 etiam
1504 4467 1733 4531 Matth.
1780 4486 1880 4547 27:
1927 4469 2032 4538 48.
2387 4505 2390 4508 -

2333 4552 2532 4614 Mam-
