2779 5085
453 235 534 305 39.
886 204 937 287 f
1284 215 1896 321 11101313,

486 360 774 441 Diuinae
829 377 1291 463 revelationi„
1328 379 1513 440 Rom.
1586 379 1892 459 opinione
1953 379 2218 463 negotia
2277 383 2386 446 vel
2439 380 2635 451 bonu

474 480 542 536 43
598 482 669 539 1,
724 481 750 524 1
806 465 958 523 Cor.
1010 482 1063 524 1:
1109 466 1212 525 26.
1301 465 1508 526 Pabu-
1582 465 1692 522 vel
1779 465 1950 524 mala
2033 488 2171 527 esse
2257 468 2626 551 dicebant,

476 550 607 608 lum
671 550 1130 627 temporarium
1179 559 1318 625 est,
1368 548 1507 609 Ioh.
1581 569 1618 611 2
1667 547 1840 608 Petr.
1875 571 1932 615 2:
1972 572 2031 615 2.
2103 552 2462 632 Agaparum
2506 559 2627 616 in-⁴

475 636 537 694 6:
589 634 691 715 63.
772 634 938 692 Caro
981 637 1219 714 vagina
1260 636 1502 694 afflatus

475 717 646 793 Dei,
715 735 742 779 1
812 719 983 777 Petr.
1034 739 1087 799 3:
1145 736 1241 798 19.
1333 720 1502 778 Caro
1578 739 1613 781 2
1654 717 1826 778 Petr.
1865 741 1923 784 2:
1975 740 2074 803 13.
2723 794 2726 797 Ι

468 803 883 862 victimarum
948 810 1221 862 vocatur
1264 805 1452 883 panis
1480 848 1499 878 ‚
1538 802 1910 882 Castigare,
1961 805 2120 864 Luc.
2154 824 2253 887 23:
2300 805 2398 870 16.
2448 806 2620 867 Cas-

470 887 704 947 Matth.
754 888 850 946 26:
905 886 1033 944 26.·
1094 887 1326 946 Carnis
1386 889 1497 948 ob·
1573 887 1765 965 tigari
1791 888 2052 966 quinam
2077 890 2337 970 proprie
2377 890 2617 950 dican-

471 972 781 1050 sequendi
841 968 1172 1030 affectibus
1219 971 1495 1030 studium
1569 980 1715 1046 tur,
1754 992 1792 1035 2
1827 972 1976 1032 Cor.
2000 974 2059 1034 6:
2090 995 2148 1053 9.
2197 974 2612 1055 castigantes

470 1056 648 1116 ducit
693 1057 775 1114 ad
818 1063 1084 1114 mortem
1128 1065 1494 1131 aeternam,
1571 1064 1741 1113 recte
1804 1058 2024 1116 verbis
2091 1057 2361 1136 primum
2408 1068 2616 1120 utun-

470 1141 729 1218 eiusque
780 1139 1100 1219 sapientia
1154 1140 1494 1199 inimicitia
1569 1147 1675 1197 tur
1718 1140 2017 1217 lenibus,
2065 1140 2207 1201 Ioh.
2251 1164 2316 1207 2⁴«

470 1244 611 1282 cum
674 1225 816 1284 Deo
885 1232 1026 1298 est,
1096 1224 1280 1283 Rom.
1323 1228 1381 1284 83
1434 1225 1496 1283 6.
1532 1223 1926 1303 Castigatio,
1970 1226 2128 1289 Luc.
2160 1228 2396 1307 23316.
2445 1230 2612 1288 Cas-
2667 1245 2672 1250 ’

1565 1309 1792 1388 tigatio
1840 1311 1963 1370 Dei
2011 1311 2319 1391 paulatim
2373 1334 2610 1392 proce-

1569 1393 1709 1467 dit,
1758 1393 1899 1454 Ioh.
1942 1397 1999 1455 8:
2046 1416 2152 1475 41.
2240 1397 2607 1477 Castigatio

1563 1477 1854 1537 fraterna
1950 1475 2312 1539 Christi‘ani
2400 1483 2609 1542 officii

1565 1582 1711 1640 pars
1756 1565 2116 1624 cuiusmodi
2150 1585 2288 1624 esse
2327 1559 2599 1642 debeat,

416 1662 425 1665 “
463 1648 667 1720 dunt,
717 1644 932 1705 2Petr
980 1666 1034 1726 33
1068 1661 1126 1727 3.
1216 1646 1486 1706 Carnem
1565 1644 1796 1707 Matth.
1837 1651 1932 1709 18:
1979 1652 2076 1709 15.
2125 1649 2605 1729 castigationes

456 1730 702 1789 habere
751 1730 1057 1790 dicuntur
1117 1731 1311 1790 etiam
1361 1732 1488 1810 pis·
1565 1732 1838 1807 amoris,
1890 1733 2090 1793 Hebr.
2141 1754 2236 1796 12:
2288 1735 2351 1792 6.

460 1836 605 1889 ces,
660 1833 693 1884 1,
722 1815 873 1874 Cor.
905 1818 999 1875 15:
1032 1835 1132 1896 39.
1213 1816 1483 1875 Carnem
1525 1814 1982 1874 Castimoniam
2029 1818 2260 1896 quibus
2326 1818 2402 1877 de
2443 1839 2604 1876 cau-

460 1920 639 1959 suam
695 1907 892 1960 vocat
955 1900 1187 1959 Paulus
1234 1901 1485 1958 iunctos
1561 1899 1647 1956 sis
1670 1901 2084 1962 servaverint
2109 1902 2365 1978 Iudaei,
2395 1920 2417 1963 1
2445 1903 2601 1964 Cor.

457 1985 581 2044 sibi
651 1994 797 2043 ortu
852 1983 1230 2063 sanguinis,
1303 1983 1487 2041 Rom.
1561 2003 1618 2060 7:
1666 1987 1728 2040 5.

462 2084 559 2129 11:
615 2082 713 2139 14.
802 2068 1117 2127 Carnibus
1186 2067 1482 2138 humanis
1523 2068 1747 2123 Castra
1774 2066 1938 2140 Dei,
1976 2066 2171 2147 Apoc.
2199 2087 2299 2131 20:
2322 2090 2383 2148 9.
2432 2071 2598 2130 Cas-

453 2153 632 2223 vesci
697 2174 832 2212 non
896 2171 1231 2232 possumus
1252 2194 1273 2226 ,
1344 2150 1483 2209 1011.
1557 2159 1659 2206 tra
1687 2149 2005 2232 Israelitis
2037 2162 2225 2210 erant
2253 2174 2368 2231 pro
2393 2152 2590 2234 urbe,

453 2238 513 2303 6:
561 2241 665 2296 52.
943 2312 950 2318 .
1427 2260 1430 2263 Α
1559 2232 1756 2292 Hebr.
1808 2252 1902 2315 133
1955 2253 2062 2297 11.
2150 2236 2379 2297 Castra
2424 2241 2597 2318 mul-

414 2320 725 2380 Carnales
793 2320 934 2378 Deo
1020 2315 1279 2397 placere
1349 2339 1477 2376 non
1556 2327 1764 2376 tarum
1822 2321 2070 2379 urbium
2119 2320 2314 2380 initia
2358 2331 2424 2381 et
2468 2343 2593 2383 no-

447 2411 762 2486 possunt,
812 2402 996 2461 Rom.
1040 2405 1098 2463 8:
1146 2405 1207 2462 8.
1274 2402 1480 2462 Erant
1556 2403 1766 2476 mina,
1814 2403 2013 2470 Hebr.
2065 2425 2161 2486 13:
2212 2425 2310 2488 13.

447 2489 741 2569 plerique
766 2488 883 2547 sub
913 2485 1116 2568 Lege,
1144 2486 1480 2568 Rom.7:5.
1518 2486 1819 2566 Caupona
1845 2532 1863 2563 ,
1914 2489 2069 2554 Luc.
2118 2505 2214 2551 10:
2268 2510 2369 2573 34.
2416 2491 2589 2552 Cau-

451 2572 836 2654 spiritualia
892 2572 1110 2632 facere
1155 2592 1289 2631 non
1334 2594 1475 2652 pos·
1554 2573 1863 2651 ponariae
1904 2576 2315 2656 meretrices,
2380 2575 2586 2642 Hebr..

449 2668 645 2733 sunt,
698 2676 724 2718 1
758 2657 899 2718 Ioh.
939 2678 994 2738 3:
1039 2676 1100 2736 9.
1169 2656 1479 2722 Carnalia
1559 2676 1655 2719 11:
1708 2677 1809 2739 31.

448 2744 738 2803 umbram
770 2742 1140 2801 habuerunt
1175 2740 1476 2821 spiritua·
1516 2741 1721 2801 Causa
1779 2742 2081 2824 princeps
2110 2788 2128 2817 ,
2198 2744 2303 2803 cui
2366 2766 2584 2805 sumus

448 2829 605 2886 Iium
631 2872 650 2901 ,
697 2827 852 2885 Luc.
903 2843 956 2886 1:
1001 2846 1105 2907 74.
1552 2827 1851 2907 obligati,
1890 2828 2063 2888 Deus
2091 2829 2317 2906 Pater,
2355 2851 2587 2890 secun-

406 2913 834 2993 Carpocrates
860 2910 1220 2971 haereticus
1244 2909 1474 2969 Adria·
1554 2907 1634 2969 da
1702 2911 2043 2988 Christus,
2133 2913 2301 2993 Eph.
2364 2915 2424 2974 6:
2477 2936 2580 2997 23.

444 2998 516 3057 ni
585 2997 978 3075 temporibus
1047 2995 1474 3053 Divinitatem
1555 2995 1761 3055 Causa
1810 2995 2057 3056 Christi
2106 3000 2234 3057 suis
2278 2998 2583 3058 defenso-

324 3139 328 3150 ,
416 3081 697 3141 —Christi
739 3101 1023 3161 negans,
1062 3099 1100 3138 2
1126 3080 1300 3138 Petr.
1324 3098 1386 3139 23
1424 3095 1477 3137 1.
1551 3081 1726 3140 ribus
1831 3101 1961 3139 non
2049 3091 2224 3140 caret
2310 3083 2576 3142 absente·

418 3167 730 3247 -Angelos
768 3173 1111 3225 veneratus
1144 3171 1272 3240 est,
1321 3163 1475 3223 Eius
1554 3165 1853 3238 Christo,
1902 3162 2042 3224 Ioh.
2084 3169 2177 3226 15:
2221 3166 2321 3229 26.
2370 3166 2579 3226 Causa

450 3252 718 3330 dogma,
768 3248 1000 3309 Matth.
1044 3239 1157 3329 243
1193 3265 1290 3308 11.
1549 3251 1804 3328 cognita
1842 3258 2111 3327 possunt
2144 3250 2328 3309 multi
2366 3251 2581 3310 absol-

408 3334 903 3414 Carpocratiani
979 3330 1477 3392 Barchochebae
1549 3336 1654 3407 vi,
1681 3334 2016 3412 incognita
2050 3354 2238 3393 nemo
2273 3336 2579 3395 condem-

445 3419 765 3493 fautores‚
804 3419 1033 3477 2'Petr.
1060 3439 1116 3480 23
1154 3438 1177 3480 1
1201 3463 1219 3491 ,
1248 3417 1389 3477 Iud.
1418 3439 1476 3480 2.
1549 3418 1736 3491 nari,
1800 3422 1941 3477 Act.
1993 3418 2091 3478 16:
2142 3439 2242 3500 37.
2331 3420 2573 3480 Causae

446 3491 876 3580 Divinitatem
918 3505 921 3508 ’
956 3501 1202 3561 Christi
1281 3517 1472 3580 nega·
1552 3502 1800 3561 Christi
1879 3503 2184 3581 probatae
2229 3505 2573 3563 ‚maximus

352 3635 357 3640 .
447 3588 646 3662 bant,
697 3611 731 3652 2
776 3588 948 3650 Petr.
999 3608 1056 3650 2:
1110 3607 1182 3670 1,
1231 3585 1373 3644 Iud.
1412 3607 1476 3668 4.
1547 3587 1831 3660 fructus,
1871 3586 2011 3646 Ioh.
2041 3588 2138 3647 16:
2184 3604 2282 3649 11.
2329 3590 2571 3649 Causae

445 3672 615 3733 Falsi
660 3671 1020 3751 Prophetae
1067 3672 1370 3730 dicuntur
1411 3683 1474 3731 et
1548 3672 1863 3744 maiores,
1933 3693 2065 3730 non
2111 3673 2240 3732 nisi
2290 3694 2407 3754 pro
2454 3675 2575 3731 tri-

444 3755 1231 3834 scandala,Matth.7:16‚
1262 3773 1471 3836 13341.
1547 3757 1767 3814 bunali
1793 3801 1809 3829 ,
1858 3756 2035 3815 leves
2081 3756 2159 3816 de
2195 3760 2389 3838 plano
2431 3757 2568 3815 fieri

416 3841 522 3900 ·In
589 3863 843 3901 omnem
907 3840 1225 3901 Venerem
1268 3850 1472 3908 ,erant
1545 3849 1875 3919 poterant,
1918 3842 2059 3899 Act.
2086 3846 2184 3905 25:
2210 3843 2270 3900 6.
2328 3842 2567 3899 Causae

442 3924 750 4005 proiecti,
801 3926 940 3989 Iud.
965 3948 1029 4006 4.
1088 3927 1288 4004 Leges
1334 3927 1468 3983 avi·
1548 3945 1659 4003 per
1695 3925 1997 3984 accidens
2034 3927 2381 4006 improprie
2418 3944 2566 3982 cau-

414 4019 570 4067 ›tas-
605 4031 720 4088 pro
777 4011 988 4070 nihilo
1022 4011 1362 4072 -ducebant
1409 4020 1471 4069 et
1545 4030 1669 4067 sae·
1717 4009 2063 4084 dicuntur,
2133 4010 2317 4086 Rom.
2364 4029 2571 4091 7:¹13·

443 4093 799 4172 superiores
826 4096 1248 4176 spernebant,
1265 4095 1468 4154 Iud.8.

442 4178 1003 4239 Resurrectionem
1037 4181 1328 4261 corporis
1354 4200 1468 4238 ne-

445 4265 683 4344 gabant
708 4312 728 4343 ,
777 4287 812 4329 2
852 4265 1023 4324 Petr.
1055 4281 1109 4344 33
1144 4287 1199 4345 3.
1222 4316 1235 4330 ,
1266 4264 1465 4341 Supe-

404 4385 409 4390 ·
439 4349 645 4408 riores
688 4371 754 4409 se
795 4350 1017 4409 mundi
1052 4348 1463 4409 fabricatori-

441 4435 556 4495 bus
595 4434 962 4511 iactabant,
1002 4435 1142 4500 lud.
1175 4436 1283 4494 16..
1314 4432 1469 4492 Sola

467 1307 701 1367 Carnis
797 1308 1046 1387 peccati
1136 1309 1494 1367 similitudo

467 1390 731 1451 Christo
856 1392 1168 1451 tribuitur
1204 1438 1221 1466 ,
1353 1392 1493 1454 Ioh.

466 1493 525 1559 3:
621 1492 720 1546 14.
868 1476 1070 1535 Carni
1153 1477 1488 1557 indulgent

461 1561 567 1642 qui
607 1563 1150 1620 resurrectionem
1184 1583 1317 1620 non
1351 1584 1484 1621 cre·

1547 4094 1891 4152 Causarum
1935 4096 2065 4152 tria
2112 4114 2382 4173 genera,
2430 4094 2569 4154 Ioh-

1550 4178 1732 4238 16:-8.
1782 4179 2129 4237 Causarum
2168 4180 2375 4237 actori
2409 4179 2562 4257 quid

1542 4264 1925 4336 conveniat,
1974 4261 2115 4321 Ieh.
2161 4262 2348 4323 1638.
2405 4264 2565 4322 Cau-

1543 4369 1643 4405 sas
1681 4348 1864 4406 {ictas
1900 4354 1964 4405 et
1995 4347 2302 4406 absurdas
2330 4349 2561 4407 milites

1540 4440 1914 4512 praetexere
1980 4432 2199 4492 solent
2260 4432 2557 4506 iniuriis,

2416 4517 2563 4577 Luc·
2633 4541 2642 4546 ”

1576 634 2000 713 temperantia
2033 634 2137 695 his
2176 638 2618 721 adscribitur,
2725 720 2726 723 Ἴ
