2779 5085
360 198 691 315 ''178'
1197 212 1723 283 INDEX

366 388 607 456 Paulus
642 393 709 449 et
744 381 1077 446 Barnabas
1120 383 1238 441 chr
1274 379 1444 439 nihil
1523 380 1790 441 monitio
1859 380 1943 441 ad
2006 379 2422 444 Christianos
2471 406 2561 447 ex

414 478 518 538 sui
558 466 1100 551 causatcredendi
1158 474 1309 527 sunt
1349 466 1443 525 fe·
1521 466 1817 547 gentibus
1858 466 2188 541 collectos,
2236 467 2422 529 Rom.
2454 491 2556 532 11:

414 559 620 634 cisse,
666 558 812 615 Act.
864 556 958 614 15:
1010 550 1111 611 26.
1177 549 1444 610 Eorum·
1533 554 1622 612 ⁸3.
1689 552 2129 611 Amanuenses
2181 552 2444 614 Tertius
2489 564 2564 616 et

419 643 564 705 dem
623 636 1047 701 dissensionis
1108 654 1337 711 causa,
1385 645 1450 694 et
1525 637 1578 693 T
1586 634 1902 695 imotheus
1932 680 1950 713 ,
2027 655 2049 695 ι
2090 636 2259 695 Cor.
2311 640 2404 699 16:
2454 660 2563 700 21.
2607 674 2630 683 ε

412 740 613 811 penes
656 740 844 805 quem
880 721 1110 800 culpa,
1135 720 1298 779 ibid.
1366 720 1446 777 U·
1527 719 1676 779 Eius
1715 721 1925 780 honor
1946 720 2018 779 in
2042 738 2242 801 regno
2272 721 2560 797 Christi,

415 817 757 890 terque·ut
791 803 1195 867 Abrahamus
1233 813 1299 864 et
1328 804 1444 862 Lo·
1533 802 1756 865 Matth.
1815 823 1913 865 203
1964 807 2065 867 23.
2152 804 2308 865 Eius
2354 809 2565 868 verba

416 896 571 957 thus
618 891 1039 954 discedebant
1073 888 1258 948 salva
1293 888 1443 946 ami·
1527 909 1660 949 non
1723 898 1912 948 erant
1971 887 2205 948 inflata
2261 912 2411 951 rore
2466 894 2568 952 A·

382 980 629 1053 mitia,
668 976 834 1035 ibid.
908 972 1116 1052 Ipsius
1164 971 1456 1053 Epistola
1530 972 1799 1048 chaico,
1848 993 1886 1036 2
1929 972 2081 1033 Cor.
2130 978 2224 1034 io:
2273 994 2369 1035 10.
2432 975 2569 1037 Sed

426 1058 517 1126 ad
552 1063 865 1121 Romanos
909 1054 1203 1117 continet
1237 1059 1455 1118 omnia
1531 1058 1795 1117 sinistre
1837 1078 2022 1137 saepe
2050 1057 2336 1134 detorta,
2366 1061 2567 1120 etiam

414 1142 760 1228 religionis
802 1142 1213 1202 Christianae
1248 1139 1454 1198 muni·
1532 1142 1986 1219 Apostolorum
2051 1150 2307 1220 aetate,
2378 1144 2568 1204 Rom.

378 1230 685 1307 ·'menta,
734 1229 916 1288 Rom.
963 1245 1017 1284 ι.
1076 1225 1227 1283 Plus
1262 1224 1451 1282 habet
1535 1248 1589 1289 7:
1643 1246 1737 1305 ¹9·
2451 1217 2462 1229 ’

431 1312 845 1394 confragosi,
889 1330 1073 1390 quam
1122 1318 1458 1382 caeterae,
1495 1312 1692 1371 Paulo
1733 1310 1930 1369 fuisse
1971 1329 2236 1369 uxorem
2273 1331 2402 1371 non
2440 1313 2573 1371 im-

376 1412 383 1433 “·
427 1400 598 1462 ibid.
684 1396 852 1479 Vide
908 1414 1154 1473 quoque
1202 1393 1459 1474 Episto-
1536 1395 1958 1477 probabiliter
1979 1395 2332 1474 colligitur,
2368 1418 2389 1455 1
2418 1398 2577 1458 Cor.

372 1516 379 1519 ·
427 1486 561 1547 lain
603 1481 687 1542 ad
734 1480 1080 1541 Romanos.
1539 1503 1595 1550 7:
1644 1482 1704 1539 8.
1785 1478 1870 1537 Et
1907 1488 2263 1554 mortuam,
2310 1501 2448 1539 cum
2497 1505 2579 1541 e-

382 1567 577 1632 -Phuli
625 1565 788 1626 mira
829 1574 1078 1641 semper
1112 1569 1210 1622 est
1242 1561 1462 1643 gravi·
1534 1562 1837 1643 pistolam
1912 1584 1937 1623 1
2024 1563 2105 1623 ad
2187 1564 2573 1627 Corinthios

433 1664 535 1713 tas
580 1669 718 1710 cum
766 1647 1077 1707 modestia
1118 1648 1464 1705 coniuncta
1538 1649 1896 1724 scriberet,
1940 1648 2101 1707 ibid.
2151 1649 2433 1709 Abeunti
2467 1674 2584 1710 so-

431 1739 503 1799 in
570 1730 1153 1816 praedicationibus
1223 1731 1301 1790 de
1348 1751 1464 1803 se,
1537 1734 1763 1795 lebant
1831 1752 1898 1791 se
1974 1732 2229 1792 itineris
2305 1737 2574 1793 comites

382 1818 389 1825 ’
437 1841 477 1884 2
525 1821 678 1879 Cor.
729 1835 823 1877 10:
871 1819 932 1875 8.
1017 1810 1379 1888 Modestia,
1440 1834 1457 1871 ι
1513 1818 1892 1899 ·adiungere
1960 1812 2375 1899 aliquousque
2434 1821 2583 1897 qui-

438 1908 595 1968 Cor.
638 1921 717 1982 2,
763 1905 820 1964 3:
868 1903 941 1973 5,
999 1903 1209 1980 15:·9‚
1250 1898 1470 1962 2Cor.
1545 1903 1689 1962 dam
1759 1922 1840 1961 ex
1895 1899 2268 1978 ‘'Ecclesiis,
2337 1923 2366 1962 ι
2422 1904 2579 1963 Cor.

435 2006 498 2062 4:
546 1992 626 2063 5,
678 2004 884 2046 iaz-2.
946 1984 1098 2045 Eius
1141 1984 1469 2044 ini-amem
1535 1986 1646 2049 ,163
1694 1985 1756 2044 6.
1840 1988 2016 2045 Deus
2095 1987 2155 2046 ei
2236 1989 2584 2048 revelabat

398 2085 569 2135 'tum
619 2071 720 2130 cui
762 2068 940 2143 usui,
991 2067 1220 2130 Matth.
1262 2072 1322 2130 5:
1372 2071 1472 2149 βά.
1542 2089 1703 2151 quae
1730 2069 2017 2130 Colossis
2043 2070 2277 2130 fierent
2302 2117 2319 2147 ,
2376 2091 2400 2131 ι
2437 2073 2587 2151 Col.

388 2192 393 2197 ⁴
443 2160 601 2222 Eius
631 2155 1010 2236 prudentia,
1058 2154 1470 2230 Act.2i:'39,
1549 2173 1605 2215 23
1652 2154 1716 2215 5.
1804 2153 2050 2213 Gravia
2100 2154 2159 2214 ei
2219 2157 2588 2216 certamina

441 2248 543 2306 23:
593 2242 678 2316 6,
770 2259 794 2299 1
847 2238 1000 2297 Cor.
1053 2257 1076 2296 1
1106 2280 1126 2312 ,
1200 2255 1294 2297 ιι3
1351 2250 1472 2314 17,
1544 2238 1811 2297 fuerunt
1853 2247 2084 2297 contra
2130 2238 2591 2300 Ebionitsset

378 2350 387 2355 ·
450 2324 549 2388 i6:
594 2328 660 2387 ὅ.
745 2320 899 2381 Eius
952 2320 1275 2381 severitas
1328 2328 1477 2378 tan·
1547 2322 2009 2397 Marcionitas,
2068 2322 2259 2401 illem.
2337 2344 2428 2383 113
2483 2324 2586 2383 16.

446 2413 589 2473 dem
650 2405 897 2489 profuit
957 2403 1239 2467 Iohanni
1302 2405 1478 2466 Mar·
1552 2408 1626 2468 In
1667 2406 1966 2466 secundis
2002 2404 2282 2465 vinculis
2309 2410 2367 2467 'ei
2393 2428 2586 2467 nemo

446 2518 565 2572 co,
624 2493 774 2555 Act.
828 2493 921 2552 15:
973 2494 1074 2573 39.
1160 2489 1346 2550 Pauli
1414 2495 1480 2547 et
1552 2490 1808 2564 adsuit,
1858 2488 2029 2549 Phil.
2074 2507 2127 2550 1:
2176 2510 2238 2568 7.
2324 2491 2420 2551 Eu
2470 2494 2594 2552 ab·-

445 2580 757 2643 Ieremiae
795 2571 1223 2655 comparatio,
1260 2592 1298 2634 2
1326 2572 1479 2631 Cor·-
1552 2584 1732 2635 sente
1773 2575 1974 2654 multa
2009 2575 2317 2634 mendosa
2340 2578 2593 2638 fiebant

452 2684 550 2725 ιο3
595 2665 658 2722 8.
741 2658 898 2720 Eius
935 2667 999 2717 et
1043 2657 1286 2730 Ionae,
1335 2658 1480 2716 Act.
1550 2660 1620 2717 in
1674 2658 2026 2734 Ecclesiis,
2097 2678 2120 2718 1
2180 2659 2331 2720 Cor.
2373 2662 2433 2732 [ἡ
2490 2665 2593 2720 18.

451 2768 552 2823 273
626 2747 728 2805 23.
843 2741 1019 2802 Eius-
1074 2749 1152 2800 ‘ct
1232 2741 1478 2817 Musis,
1551 2744 1887 2804 'Obiectum
1930 2744 1990 2803 ei
2051 2763 2088 2801 a
2141 2745 2441 2805 Tertullo
2489 2767 2598 2804 se-

378 2865 387 2872 ·
453 2833 639 2891 Rom.
699 2847 752 2887 ι3
820 2846 846 2885 ι
882 2871 899 2901 ,
972 2846 1010 2888 2
1067 2826 1221 2885 Cor.
1277 2845 1371 2886 12:
1421 2839 1483 2895 4.
1556 2828 1829 2887 ditionis
1874 2828 2155 2904 crimen,
2206 2829 2363 2888 Luc.
2403 2833 2498 2891 23:
2527 2834 2594 2890 5.

455 2915 609 2976 Eius
673 2921 737 2971 et
802 2910 983 2972 Sauli
1049 2909 1282 2991 Regis,
1340 2911 1485 2971 Act.
1562 2912 1766 2973 Multa
1812 2911 1995 2971 fuere
2042 2913 2113 2971 in
2156 2917 2601 2974 ‹ao-coniectu-

337 3043 348 3062 .
451 3022 512 3082 9:
562 3002 626 3061 5.
713 2995 867 3057 Eius
931 3002 998 3056 et
1044 2995 1362 3056 Samuelis
1408 2994 1486 3053 de
1557 2996 1775 3071 ralia,
1827 3015 1852 3054 ι
1907 2995 2138 3056 Thess.
2181 3010 2241 3068 4:
2296 3004 2391 3059 15.
2459 2991 2599 3057 'Os-

455 3105 523 3144 se
569 3080 1128 3164 praedicationum
1175 3080 1488 3151 collatio,
1558 3089 1747 3140 tensa
1806 3089 1956 3139 sunt
2002 3083 2059 3141 ei
2119 3081 2600 3161 perfectissima

455 3173 605 3231 A‘ct.
645 3157 746 3228 263
794 3169 896 3227 33.
983 3163 1169 3225 Pauli
1232 3164 1489 3224 obtrec·
1566 3165 1801 3245 gaudia
1840 3173 1984 3244 post
2009 3169 2602 3244 resurrectionem,

451 3262 698 3313 tatores
765 3250 922 3329 quid
988 3251 1057 3307 in
1119 3249 1325 3327 ipsius
1386 3247 1491 3308 vi·-
1567 3251 1980 3318 Luc.23:43.
2025 3247 2224 3330 Recte
2252 3250 2597 3328 sapientia,

457 3340 618 3396 tium
680 3334 1024 3406 dicebant,
1075 3332 1215 3391 Gal.
1269 3350 1323 3391 1.
1413 3330 1494 3390 Et

444 3419 684 3501 ‘quibus
763 3438 830 3477 se
912 3416 1263 3492 defendat,
1330 3415 1495 3476 ibid.

461 3505 618 3566 Eius
685 3503 1068 3583 provocatio
1151 3521 1285 3561 non
1352 3508 1496 3560 erat

462 3587 846 3669 simpliciter
889 3584 1124 3659 faeta,
1175 3585 1290 3665 sed
1350 3605 1494 3644 cum

1564 3353 1797 3413 nempe
1825 3333 2151 3407 coelestis,
2180 3334 2240 3393 ei
2262 3336 2600 3414 tribuitur,

1568 3439 1606 3481 2
1650 3419 1824 3478 Petr.
1855 3421 1928 3478 ⁴3:
1980 3421 2077 3478 15.
2138 3417 2340 3478 Recte
2381 3419 2439 3479 ei
2478 3420 2605 3479 tri·-

1565 3502 1677 3564 bui
1714 3510 1923 3582 potest
1957 3523 2108 3583 pars
2149 3497 2480 3583 Epistolae
2519 3504 2604 3566 ad
2690 3573 2696 3580 ‚

1571 3585 1931 3662 Hebraeos,
1960 3599 2090 3647 no‘n
2128 3596 2269 3647 tota
2295 3589 2606 3663 debetur,

462 3673 886 3745 conditione,
977 3670 1122 3730 Act.
1205 3672 1306 3730 263
1399 3688 1497 3729 ι2.
1568 3671 1870 3750 inscript.
1917 3671 2000 3729 ad
2047 3669 2247 3732 Hebr.
2309 3735 2312 3738 ,
2354 3672 2496 3732 Non
2541 3671 2607 3731 ei

464 3758 646 3821 Pauli
721 3759 1163 3836 argumentum
1230 3754 1497 3812 maximi
1571 3757 1728 3815 satis
1764 3763 1907 3815 erat
1948 3756 2139 3834 culpa
2166 3778 2426 3831 carere,
2470 3756 2606 3816 nisi
2639 3787 2644 3792 .

464 3842 773 3923 ponderis
797 3847 926 3920 'pro
952 3838 1347 3898 adstruenda
1370 3837 1497 3897 fide
1571 3849 1638 3900 et
1702 3839 2101 3919 suspiciones
2176 3842 2604 3917 excluderet,

467 3928 887 3999 Christiana,
957 3942 981 3981 1
1040 3923 1189 3982 Cor.
1242 3925 1336 3984 15:
1405 3917 1499 4002 i9.
1574 3943 1611 3984 2
1661 3924 1811 3983 Cor.
1854 3926 1913 3984 83
1959 3945 2054 4005 ι9.

468 4011 624 4071 Eius
658 4007 997 4070 excusatio
1031 4005 1497 4088 amphibolica,
1534 4009 1797 4069 Paulum
1862 4027 1943 4068 ex
2004 4009 2309 4088 opulenta
2350 4006 2607 4067 familia
2667 4051 2676 4052 ff

469 4098 617 4155 Act.
658 4097 755 4155 23:
784 4096 845 4153 5.
908 4089 1060 4150 Eius
1103 4090 1502 4171 praefatiun-
1573 4091 1771 4152 fuisse
1818 4092 2151 4173 colligitur
2178 4137 2192 4162 ,
2239 4092 2408 4171 quod
2449 4093 2611 4152 -Ma-

382 4209 389 4216 ·
471 4180 617 4238 cula
656 4198 780 4258 qua
818 4176 1204 4235 calumniam
1245 4175 1498 4233 amoliri
1574 4179 1746 4237 iores
1796 4181 1931 4237 eius
1987 4178 2084 4236 ius
2136 4177 2462 4249 Romanae
2512 4177 2612 4235 ci-

370 4251 389 4270 ’
469 4263 678 4337 solet,
769 4261 949 4319 Rom.
1007 4280 1066 4339 9:
1141 4273 1236 4330 14.
1344 4259 1502 4318 Eius
1574 4261 1798 4321 vitatis
1842 4263 2156 4338 emerint,
2206 4260 2350 4320 Act.
2378 4279 2476 4321 22:
2507 4263 2614 4321 28.

382 4381 387 4386 «
469 4346 786 4427 praefatio
820 4352 973 4403 ante
1013 4343 1333 4425 egregiam
1357 4366 1502 4403 sen-
1578 4345 1736 4404 Eum
1791 4366 2129 4425 pauperem
2178 4344 2373 4408 fuisse
2436 4346 2608 4405 unde

468 4433 786 4506 tentiam,
836 4444 874 4489 2
912 4428 1078 4487 Tim.
1123 4447 1178 4488 2:
1227 4448 1324 4488 ιι.
1368 4429 1500 4489 Ad·
1579 4430 1948 4510 colligitur,
2002 4450 2066 4492 ,2
2134 4430 2306 4492 Tim.
2372 4442 2437 4500 43
2507 4432 2610 4492 13.

2094 4531 2104 4542 ·
2507 4514 2617 4573 In-
