2779 5085
708 206 1099 287 RERUM
1188 204 1299 284 n
1380 219 2038 294 vssasonun.

2351 242 2468 308 161

333 390 432 464 173
489 398 549 444 1.
610 366 917 455 Mulieris
941 385 1361 466 praegnantis
1437 382 1686 445 Christi
1739 406 1777 445 a
1823 388 2005 450 Luca
2040 392 2468 463 nominantur

321 468 692 547 symbolum
718 511 739 544 ,
855 466 1016 528 Luc.
1089 488 1183 530 123
1256 472 1361 530 51.

322 553 618 615 Mulieris
658 551 825 631 apud
860 553 1158 613 nationes
1194 574 1358 634 pene

321 654 544 698 omnes
608 636 746 695 laus
805 657 1039 719 magna
1081 656 1216 698 11011
1256 658 1358 697 re·-

321 732 544 802 petere
578 720 894 801 nuptias,
944 722 1104 783 Luc.
1149 742 1208 783 23
1255 723 1355 784 36.

321 806 478 868 Eius
519 807 820 874 velamen
866 806 1044 866 cuius
1086 808 1185 868 rei
1227 807 1350 887 sig·

320 910 525 966 num,
579 910 604 948 1
660 887 813 950 Cor.
866 909 963 963 ¹1².
1016 910 1112 951 10.
1198 890 1352 950 Eius

320 974 511 1053 caput
536 974 781 1033 nudare
807 975 962 1054 quid
985 976 1105 1051 sit,
1140 993 1166 1033 1
1202 974 1352 1035 Cor.

323 1078 417 1118 11:
469 1062 533 1120 5.
621 1058 957 1119 Mulierem
1010 1060 1088 1118 de
1146 1059 1351 1120 latere

315 1144 449 1205 viri
512 1143 865 1202 desumtam
937 1144 1020 1202 ad
1104 1141 1349 1223 signifi-

321 1228 592 1287 candum
642 1230 914 1307 mystice
955 1228 1089 1288 viri
1131 1248 1348 1308 supre-

315 1312 435 1371 mi>
493 1312 823 1371 benedicti
937 1314 1300 1392 coniugium
1328 1358 1346 1387 ‚

1432 468 1770 550 pleraeque
1796 515 1815 547 ,
1919 475 2150 537 Matth.
2228 484 2330 544 283
2403 503 2463 545 2.

1433 552 1757 615 Exierunt
1796 577 1940 617 cum
1977 563 2364 626 aromatibus
2383 579 2463 627 ut

1430 636 1740 698 viderent
1767 658 1868 711 ,an
1914 646 2326 723 sepulchrum
2376 654 2460 713 ad

1429 723 1798 784 unctionem
1886 738 2139 808 pateret
2175 774 2198 807 ,
2298 735 2461 797 ibid.

1430 805 1708 866 Tantum
1748 811 1944 870 semel
1983 814 2294 900 viderunt
2322 819 2464 881 An-

1426 892 1712 970 gelorum
1733 894 2088 975 visionem,
2110 898 2275 960 ibid.
2319 903 2460 963 An-

1427 983 1532 1034 tea
1562 976 1952 1055 ignorarunt
1974 984 2329 1045 custodiam
2355 975 2458 1049 se-

1426 1058 1702 1137 pulchro
1770 1064 2124 1143 appositam
2205 1068 2406 1132 fuisse
2431 1116 2453 1149 ,

1426 1144 1625 1203 Marc.
1679 1144 1771 1205 163
1810 1151 1868 1208 3.
1936 1147 2095 1209 Prae
2132 1162 2303 1212 metu
2348 1156 2457 1215 Iu-

1424 1228 1724 1287 daeorum
1795 1230 2120 1310 Apostolis
2200 1246 2454 1301 tantum

1424 1322 1749 1391 comperta
1795 1327 2191 1396 narrarunt,
2246 1322 2412 1385 ibid.

318 1398 501 1455 aiunt
549 1395 875 1470 Hebraei,
925 1395 1087 1477 Eph.
1140 1401 1199 1457 5:
1247 1401 1348 1457 32.
1382 1397 1570 1455 Multi
1597 1418 1712 1474 pro
1736 1399 1962 1478 plebe,
1995 1401 2194 1463 Hebr.
2225 1424 2319 1467 123
2354 1412 2452 1469 15.

274 1481 579 1543 Mulieres
622 1480 895 1562 garritui
927 1481 1205 1541 maxime
1239 1481 1347 1539 de·
1387 1480 1658 1539 Mundus
1687 1485 1948 1560 ponitur
1968 1486 2114 1546 vice
2140 1491 2449 1554 materiae

322 1565 544 1639 ditae,
620 1584 644 1623 ι
717 1564 889 1624 Tim.
947 1584 1006 1625 23
1063 1585 1159 1624 10.
1247 1567 1346 1625 Ad

315 1647 809 1729 superstitiones
833 1671 1075 1729 pronae
1095 1694 1115 1724 ,
1147 1650 1347 1710 Marc.

326 1752 420 1793 123
445 1747 548 1804 40.
607 1733 787 1806 Quae
813 1754 1029 1793 amare
1056 1735 1340 1809 soleant,

322 1837 348 1877 1
400 1818 553 1878 Cor.
614 1838 672 1898 7:
736 1821 840 1880 33.
937 1818 1342 1878 -Laborantes

314 1903 632 1963 mensium
671 1901 998 1983 profluvio
1039 1903 1200 1961 viris
1241 1905 1339 1961 in·

312 1987 630 2047 terdictae
715 1986 884 2067 apud
967 1985 1294 2048 Hebraeos
1320 2033 1338 2062 ‚

316 2069 474 2132 Luc.
524 2092 583 2132 23
609 2074 674 2133 5.
730 2071 808 2132 In
848 2069 1192 2153 Synagoga
1228 2092 1341 2131 cur

314 2157 628 2216 seclusum
694 2174 732 2213 a
810 2157 1095 2217 virorum
1184 2176 1335 2216 con-

314 2249 535 2318 spectu
590 2238 910 2299 haberent
977 2239 1189 2299 locum
1217 2285 1236 2315 ‚
1307 2262 1331 2301 1

312 2324 482 2386 Tim.
507 2344 566 2386 23
601 2343 697 2385 ιο.
764 2325 895 2384 Cur
928 2325 999 2383 in
1049 2323 1337 2384 Ecclesia

312 2410 590 2471 debeant
633 2429 773 2469 esse
818 2409 1098 2482 velatae,
1130 2428 1154 2467 ι
1190 2410 1339 2469 Cor.

317 2512 411 2555 ιι3
463 2511 565 2555 10.
646 2492 735 2552 Ut
778 2494 1083 2555 docerent
1127 2503 1190 2554 et
1237 2495 1330 2554 in·

306 2587 723 2660 terrogarent
742 2579 815 2638 in
842 2577 1167 2654 Ecclesia,
1215 2580 1336 2640 Co··

305 2664 540 2723 rinthii
609 2664 905 2723 doctores
958 2664 1333 2724 introduxe-

309 2757 461 2809 rant
485 2792 504 2824 ,
556 2763 584 2808 1
620 2746 772 2808 Cer.
813 2760 907 2819 14:
943 2747 1046 2809 36.
1089 2747 1338 2808 Viduae

308 2832 689 2914 praesertim
752 2833 1050 2892 solebant
1110 2852 1339 2912 suppe-

308 2918 519 2978 ditare
584 2916 916 2997 Magistris
974 2918 1339 2976 necessaria

308 3022 489 3063 more
559 3001 868 3077 Iudaico,
938 3002 1097 3063 Luc.
1159 3003 1218 3060 83
1281 3005 1340 3063 3.

311 3085 653 3147 Mulierum
717 3085 926 3147 cultus
992 3085 1065 3145 in
1136 3106 1292 3144 auro
1319 3132 1336 3160 ‚

313 3180 581 3252 argento
646 3178 711 3229 et
752 3170 1041 3231 vestibus
1069 3214 1088 3245 ‚
1137 3170 1336 3248 Apoc.

265 3284 268 3286 Α
314 3272 410 3333 173
432 3269 508 3331 43
552 3252 855 3315 effraenis
883 3254 1151 3314 audacia
1176 3255 1333 3313 mul-

292 3349 444 3400 ·tum
491 3360 741 3419 semper
792 3341 948 3399 mali
991 3339 1173 3414 dedit
1214 3338 1338 3408 Ec-

312 3425 570 3500 clesiis,
625 3441 652 3484 1
700 3423 851 3484 Cor.
894 3438 986 3497 14:
1022 3428 1122 3485 35.
1209 3423 1334 3485 Ea-

311 3530 452 3569 rum
496 3508 813 3568 familiari
871 3528 1165 3569 sermone
1205 3528 1338 3568 non

309 3595 658 3653 utebantur
683 3594 940 3670 Iudaei,
984 3592 1126 3653 Ioh.
1148 3606 1208 3663 43
1242 3613 1339 3670 27.

311 3676 546 3737 Earum
603 3680 870 3737 nomina
946 3679 1116 3738 unde
1205 3677 1337 3736 dici

308 3765 592 3823 solerent
629 3763 793 3842 apud
832 3763 1103 3822 Iudaeos
1128 3806 1145 3836 ‚
1193 3762 1339 3821 Act.

296 3866 406 3908 ⁴12:
442 3850 539 3908 13.
585 3847 965 3907 Mulier-ibus
1001 3846 1334 3928 imperium

306 3931 377 3990 in
400 3933 583 3991 viros
606 3931 1028 3991 interdicitur
1049 3977 1070 4008 ,
1110 3951 1134 3990 1
1167 3930 1340 3990 Tim.

309 4035 366 4075 23
424 4034 520 4075 12.
608 4016 686 4075 In
751 4015 1048 4075 Ecclesia
1108 4015 1339 4074 docere

307 4121 437 4159 non
506 4100 907 4179 permittitur
982 4098 1113 4158 nisi
1181 4095 1337 4159 Pr'o-

306 4183 645 4262 phetissis‚
671 4185 865 4259 ibid.,
896 4204 920 4243 1
950 4184 1103 4246 Cor.
1126 4186 1339 4254 14:34.

307 4268 392 4327 Iis
465 4268 659 4328 decus
736 4269 951 4328 adfert
1009 4265 1336 4330 silentium

306 4353 583 4414 maxime
626 4354 698 4411 in
745 4351 1051 4432 publico,
1097 4349 1258 4410 ibid.

257 4437 568 4498 Mulieres
602 4446 799 4500 testes
836 4434 1338 4498 resurrectionis

1420 1585 1608 1643 quam
1643 1565 1847 1644 ignis,
1882 1567 2007 1628 hoc
2049 1581 2186 1646 est,
2229 1573 2452 1656 lingua

1419 1649 1756 1727 incendit,
1804 1652 1936 1712 Iac.
1961 1657 2019 1715 33
2047 1655 2109 1713 6.
2171 1655 2448 1720 Mundus

1418 1754 1537 1812 pro
1562 1734 1753 1793 rebus
1775 1733 1961 1796 huius
1981 1739 2191 1816 vitae,
2234 1760 2260 1800 1
2296 1742 2450 1804 Cor.

1420 1837 1477 1894 7:
1530 1821 1628 1878 31.
1718 1819 1992 1882 Mundus
2037 1844 2155 1901 pro
2200 1827 2448 1890 maiore

1418 1910 1601 1981 parte
1634 1900 2009 1991 hominum„
2036 1906 2179 1967 1011.
2203 1924 2298 1981 14:
2327 1930 2401 1992 27
2421 1955 2444 1989 ,

1419 1984 1601 2045 Rom.
1661 1989 1719 2047 33
1772 2007 1891 2068 19,
1963 2010 1986 2049 1
2040 1989 2183 2051 Ioh.
2235 2011 2295 2055 23
2346 1994 2447 2057 16.

1416 2068 1541 2129 Pro
1585 2071 2013 2134 universitate
2060 2095 2282 2137 eorum
2333 2081 2446 2158 qui

1415 2155 1598 2214 carni
1633 2164 1699 2214 et
1734 2157 1947 2217 seculo
1981 2160 2273 2234 student,
2302 2161 2447 2226 Iob.

1420 2241 1515 2299 153
1549 2256 1661 2319 19,
1711 2260 1736 2301 1
1776 2240 1928 2301 cor.
1955 2262 2051 2304 113
2090 2249 2193 2306 32.
2253 2247 2443 2307 Mun-

1413 2322 1528 2382 dus
1596 2344 1724 2405 qua
1790 2326 2069 2387 Mundus
2129 2328 2486 2410 Spiritum·

1412 2407 1724 2469 Sanctum
1786 2411 2080 2492 recipere
2130 2434 2265 2475 non
2328 2437 2447 2495 po-

1414 2500 1586 2569 test,
1653 2491 1796 2555 Ioh.
1865 2510 1961 2568 143
2037 2515 2132 2577 17.
2242 2498 2444 2562 Curat

1413 2587 1661 2637 tantum
1722 2599 1884 2660 quae
1947 2582 2157 2643 oculis
2215 2604 2447 2664 corpo·-

1410 2662 1540 2723 reis
1559 2664 2046 2743 conspiciuntur
2060 2713 2080 2745 ,
2095 2667 2255 2728 ibid.
2280 2667 2445 2732 Suos

1416 2756 1618 2823 amat,
1644 2750 1784 2810 odit
1804 2752 2163 2813 contrarios
2185 2796 2206 2829 ,
2235 2773 2258 2812 1
2288 2753 2442 2816 Cor.

1415 2853 1473 2910 7:
1524 2835 1624 2892 28.
1709 2833 1853 2905 Qua
1919 2836 2260 2896 occasione
2302 2839 2445 2900 Deo

1411 2915 1919 2995 reconciliatus,
1967 2918 2150 2978 Rom.
2197 2939 2293 2983 103
2348 2924 2450 2983 15.

1414 2999 1642 3059 Mundi
1684 2999 1898 3080 imago
1938 3001 2012 3060 in
2071 3006 2444 3065 sanctuario

1414 3083 1717 3162 Templi,
1764 3081 1963 3144 Hebr.
2005 3105 2066 3164 9:
2121 3104 2177 3144 1.
2284 3087 2444 3154 Eius

1410 3167 1680 3226 tristitia
1743 3187 1929 3248 saepe
1992 3177 2263 3228 mortem
2330 3171 2448 3231 ad·-

1409 3252 1581 3331 sert,
1629 3270 1667 3311 2
1711 3250 1863 3311 Cor.
1907 3270 2098 3332 7310.
2162 3253 2446 3314 Inferio·-

1410 3337 1502 3395 ris
1554 3336 1905 3397 dominium
1944 3335 2159 3396 datum
2196 3338 2446 3399 Adamo

1413 3430 1477 3482 et
1520 3421 1796 3502 posteris
1845 3421 1979 3480 eius
2005 3466 2024 3497 ,
2068 3422 2282 3503 imago
2331 3424 2448 3484 do-

1411 3505 1596 3564 minii
1632 3506 1803 3585 quod
1835 3504 2131 3566 Christus
2156 3508 2227 3566 in
2255 3507 2448 3566 Mun..

1414 3590 1565 3649 dum
1649 3608 2016 3668 supremum
2104 3589 2445 3651 habiturus

1413 3684 1552 3748 est,
1618 3672 1820 3733 Hebr.
1880 3694 1941 3735 23
2000 3673 2063 3733 6.
2152 3674 2446 3735 Melioris

1413 3758 1736 3838 possessio
1808 3779 1924 3837 per
1992 3756 2310 3818 iustitiam
2358 3779 2443 3819 ex

1412 3842 1540 3902 fide
1598 3842 1788 3901 nobis
1836 3842 2182 3915 obveniet,
2244 3841 2446 3902 Hebr.

1420 3946 1515 3987 ιι3
1559 3945 1624 4005 7.

1413 4011 1485 4069 id
1552 4009 1729 4068 facta
1795 4018 1929 4086 est,
1995 4018 2067 4069 ut
2129 4012 2319 4073 alteri
2382 4020 2450 4072 et

1413 4094 1673 4154 meliori
1713 4094 1925 4153 locum
1949 4093 2155 4153 faciat
2180 4139 2199 4171 ,
2251 4095 2447 4157 Hebr.

1420 4199 1514 4241 123
1563 4179 1668 4239 26.
1753 4176 1932 4239 Finis
1996 4179 2130 4239 eius
2186 4182 2446 4260 quando

1412 4265 1581 4340 erit,
1669 4263 1915 4324 nemini
2008 4264 2397 4345 patefactum
2426 4308 2447 4342 ,

1418 4346 1648 4410 Matth.
1709 4361 1812 4420 24:
1866 4347 1969 4414 36.
2053 4349 2260 4430 Ipsius
2330 4368 2448 4409 ex·-

1416 4433 1654 4494 ci‘dium
1716 4435 1786 4492 in
1848 4431 2447 4513 Hierosolymitano

1572 4517 1621 4576 L
1709 4573 1726 4584 s
1883 4567 1886 4570 .
2334 4513 2451 4573 ud-

1711 3925 1938 3985 Mundi
2010 3925 2310 3985 machina
2356 3927 2447 3991 >in
2535 3975 2546 3990 .
