2779 5085
630 214 1022 286 RERU‘M
1107 243 1205 284 nr
1290 219 1948 286 VERBORUM.

2264 238 2384 313 185

246 384 599 448 ledictione
632 383 1185 463 interdicebatur,
1212 391 1278 444 et
1309 381 1719 461 Phylarchae
1778 382 2215 448 Hebraeorum
2259 391 2381 451 sub

243 492 486 555 quare,
518 471 659 530 col.
685 490 742 529 2:
771 471 831 528 8.
898 467 1276 549 Philosophi
1356 467 1523 547 Rege
1581 467 1767 526 iuxta
1820 471 2046 529 solium
2095 473 2233 533 eius
2279 497 2384 535 se-

137 553 155 558 *
245 557 738 618 haereticorum
812 552 1231 614 P-atriarchae
1258 597 1276 627 ,
1355 550 1602 609 debant
1659 552 1733 610 in
1786 555 1965 614 sellis
2009 559 2383 641 curulibus,

252 661 280 701 1
315 626 566 711 Tim.4{
601 659 655 699 1.
704 637 1065 698 Admodum
1088 638 1277 719 pauci
1355 635 1588 694 Matth.
1638 654 1732 717 19:
1770 642 1886 697 ¹28.

248 728 458 786 Deum
516 733 883 799 noverant,
951 743 1025 781 ac
1088 743 1169 782 ne
1231 721 1280 780 ii
1313 719 1411 779 Ph
1520 740 1632 780 cae
1697 720 2104 799 quaestiones
2171 726 2389 788 multis

238 810 504 892 quidem
582 816 760 867 recte
826 808 1282 886 exprimebant
1356 742 1901 884 diffutationibus
1938 808 2248 869 ventilari
2287 833 2395 870 so..

241 895 423 976 quod
461 895 679 953 ‘animo
718 892 1101 968 credebant,
1141 892 1283 951 Gal.
1355 891 1618 967 lebant,
1666 909 1692 950 1
1725 889 1878 950 Cor.
1909 911 1961 952 1:
1985 912 2066 953 2ο
2085 938 2107 971 ,
2157 913 2182 954 1
2216 895 2389 955 Tim.

245 995 310 1050 4:
366 982 439 1037 ss.
525 977 733 1036 Erant
797 975 1278 1056 vitiligatores,
1358 975 1417 1034 6:
1465 994 1527 1053 9.

247 1064 437 1123 Rom.
488 1080 539 1123 1:
589 1081 690 1141 29.
766 1060 1039 1132 Quidam
1085 1080 1281 1139 pone-
1318 1058 1526 1118 Pietas
1548 1065 1697 1116 ante
1720 1058 1955 1139 Legem
1977 1082 2135 1138 quae
2155 1060 2389 1140 suerit,

246 1149 412 1209 bant
453 1146 616 1206 vitia
654 1147 826 1204 inter
865 1166 969 1203 res
1004 1144 1278 1220 medias,

250 1230 421 1311 Eph.
460 1230 519 1292 5:
558 1230 618 1288 6.
685 1229 962 1298 Quinam
1005 1229 1280 1287 maxime

252 1315 455 1375 alieni
489 1337 526 1375 a
566 1314 1100 1391 christianismo,
1134 1313 1279 1372 Act.

257 1421 353 1479 17⁴:
387 1401 480 1457 18.
523 1397 1059 1477 Philosophorum
1085 1397 1279 1458 sectis

242 1484 546 1544 omnibus
608 1494 937 1552 commune
994 1483 1121 1541 fuit
1164 1481 1276 1541 ha-

245 1570 400 1630 bere
419 1588 745 1627 sermones
770 1567 927 1625 alios
949 1577 1278 1639 externos,

247 1655 413 1715 alios
434 1653 729 1711 internos
751 1696 767 1724 ,
797 1652 1028 1712 Matth.
1054 1654 1151 1712 28:
1179 1671 1282 1712 2ο.

255 1738 492 1798 Eorum
561 1736 860 1796 doctrina
923 1737 1132 1815 qualis
1155 1780 1178 1814 ,
1251 1753 1275 1793 1

255 1823 426 1882 Tim.
487 1840 539 1883 1:
593 1840 659 1881 11
694 1867 713 1899 ,
779 1840 816 1880 2
860 1820 1030 1880 Tim.
1079 1840 1132 1881 i:
1188 1838 1284 1879 10.

252 1905 492 1966 Eorum
527 1906 816 1966 rationes
838 1950 856 1979 ,
881 1926 1041 1984 quae
1066 1905 1282 1964 Euan-

246 1990 422 2072 gelio
464 1991 961 2071 opponebantur
981 2035 999 2064 ,
1028 1990 1194 2049 turri
1221 1999 1285 2048 et

247 2074 469 2157 pinnis
529 2094 853 2134 murorum
904 2095 1278 2153 comparan·

249 2169 403 2236 tur,
466 2176 506 2217 2
554 2159 704 2218 Cor.
755 2176 848 2217 10:
895 2162 959 2218 5.
1044 2157 1282 2218 Eorum

252 2245 334 2304 de
372 2242 660 2324 plurimis
696 2242 874 2303 vitiis
906 2244 1282 2322 opiniones,

249 2328 436 2388 Rom.
482 2347 534 2388 ιε
577 2332 678 2389 32.
744 2325 1280 2404 Philosophorum

191 2428 195 2432 “
249 2410 320 2474 et
342 2410 861 2473 Christianorum
891 2411 1281 2487 differentia,

260 2517 286 2557 1
341 2497 495 2557 Cor.
543 2516 595 2558 1:
650 2513 745 2555 10.
829 2494 1284 2578 Philosophis,

250 2582 555 2659 invidia,
617 2582 767 2640 lites
824 2591 895 2640 et
941 2584 1284 2642 maledicta

155 2737 160 2738 γ
252 2676 440 2727 erant
459 2666 861 2745 frequentia,
898 2685 921 2724 1
952 2667 1118 2725 Tim.
1141 2668 1198 2727 6:
1223 2683 1283 2739 4.

211 2751 468 2816 Phoebe
492 2771 729 2811 nomen
754 2750 1079 2826 mulieris,
1103 2751 1285 2811 Rom.

162 2879 179 2889 .
260 2836 360 2909 162·
411 2855 465 2894 1.
551 2834 800 2895 Nomen
861 2834 1284 2895 Diaconissae

1356 1142 1589 1202 Matth.
1650 1145 1712 1219 5:
1787 1163 1884 1223 17.
1969 1145 2180 1205 Pietas
2250 1148 2390 1208 sine

1356 1227 1734 1286 discrimine
1761 1229 1929 1307 apud
1948 1233 2152 1288 Deum
2177 1234 2392 1308 valet,

1358 1311 1540 1370 Rom.
1565 1317 1623 1372 3:
1650 1331 1713 1372 2.
1775 1312 1982 1385 Quam
2011 1317 2183 1373 Deus
2217 1327 2392 1376 amat

1354 1411 1489 1467 non
1535 1406 1634 1455 est
1677 1412 1797 1456 res·
1835 1397 2155 1474 difficilis,
2211 1401 2395 1461 Rom.

1363 1499 1469 1540 102
1485 1501 1546 1558 9.
1606 1480 1781 1540 Vera
1817 1485 2110 1543 noscitur
2146 1506 2227 1544 ex
2266 1488 2393 1547 fide

1355 1563 1428 1622 in
1490 1566 1699 1624 Iesum
1768 1566 2146 1643 Christum,
2210 1570 2396 1630 Rom.

1358 1652 1416 1710 5:
1464 1669 1564 1710 22.
1652 1651 1920 1709 Pietatis
1969 1665 2397 1715 avocamenta.

1360 1735 1708 1792 cessabunt
1765 1735 1838 1794 in
1885 1737 2195 1796 Paradiso
2245 1761 2399 1799 coe-

1356 1819 1550 1893 lesti,
1597 1819 1757 1879 Luc.
1800 1824 1901 1881 23:
1944 1826 2050 1891 43.
2120 1822 2391 1882 Pietatis

1357 1902 1847 1962 fundamentum
1918 1907 2185 1965 credere
2254 1928 2392 1968 esse

1359 1989 1565 2045 Deum
1602 1998 1668 2045 et
1702 1988 1938 2058 iustum
1978 2010 2152 2065 esse,
2193 1991 2397 2052 Hebr.

1367 2091 1388 2130 1
1408 2091 1459 2131 1:
1489 2070 1550 2130 6.
1594 2072 1864 2132 Pietatis
1890 2095 2125 2133 nomen
2151 2078 2396 2154 gratius

1356 2176 1545 2232 quam
1582 2160 1916 2236 potestatis
1939 2204 1957 2232 ,
1988 2159 2218 2218 Matth.
2245 2163 2304 2220 8:
2335 2162 2399 2221 6.
2502 2180 2523 2189 ·

1360 2240 1631 2300 Pietatis
1657 2242 1726 2300 in
1750 2242 1861 2302 via
1885 2245 2172 2321 quotidie
2200 2246 2399 2325 magi-s

1361 2326 1685 2405 magisque
1737 2335 1835 2386 est
1882 2329 2399 2406 proficiendum,

1364 2410 1506 2468 Col.
1533 2415 1590 2472 3:
1628 2429 1723 2470 10.
1781 2412 2050 2471 Pietatis
2086 2435 2397 2472 summam

1361 2495 1737 2575 intelligens
1768 2505 1833 2557 et
1869 2498 2231 2577 approbans
2264 2520 2401 2560 non
2514 2565 2517 2572 ι

1361 2580 1551 2661 longe
1577 2590 1674 2641 est
1702 2603 1739 2640 a
1763 2582 1987 2663 Regno
2008 2585 2128 2642 Dei
2146 2605 2167 2658 ,*
2201 2585 2403 2644 Marc.

1366 2684 1457 2727 12;
1489 2670 1591 2735 34.
1655 2666 1811 2726 Eius
1855 2678 2201 2747 praecepta
2242 2689 2406 2750 con·-

1359 2752 1787 2830 temptoribus
1845 2753 2137 2831 profanis
2184 2756 2405 2813 neuti-

1358 2855 1545 2910 quam
1572 2835 1985 2912 inculcanda,
2014 2838 2320 2917 Matth.7:
2338 2840 2401 2898 6.

256 2919 589 2982 Ecclesiae
665 2939 827 2999 quae
902 2915 1049 2977 er‘at
1113 2920 1280 2980 Cen·
1355 2918 1598 2994 ,Pietati
1640 2921 1778 2979 vita
1822 2930 2085 3005 aeterna
2127 2925 2403 3002 promit·-

256 3004 509 3080 chreis,
557 3003 740 3063 Rom.
782 3001 988 3083 praef.

1361 3002 1564 3075 titur,
1617 3023 1638 3060 1
1673 3002 1926 3073 Tim-'42
1957 3008 2019 3063 8.
2082 3007 2400 3067 Pietatem

215 3089 569 3153 Phoenices
609 3088 783 3147 unde
821 3087 1023 3164 dicti,
1054 3086 1286 3148 Matth.
1361 3086 1713 3145 irridentes
1776 3087 2070 3146 homines
2136 3092 2244 3168 qui
2268 3136 2290 3165 ‚
2360 3112 2400 3151 2

262 3178 357 3235 15;
386 3194 486 3238 22.
549 3172 717 3232 Sunt
758 3172 1048 3251 duplices
1070 3216 1089 3247 ,
1127 3172 1287 3231 ibid.
1365 3169 1539 3231 Petr.
1564 3173 1621 3230 3:
1653 3192 1711 3250 9.
1764 3172 2006 3230 Pietate
2032 3173 2218 3233 salva
2240 3181 2399 3252 qu'ae

254 3259 491 3320 Eorum
518 3258 730 3317 coloni
759 3257 1060 3316 dicuntur
1085 3256 1284 3316 Poeni
1362 3254 1637 3314 retineri
1698 3276 1832 3314 non
1895 3266 2164 3334 possunt
2224 3259 2401 3318 infra

256 3346 396 3404 sire
436 3343 1017 3423 Carthaginenses,
1055 3340 1286 3401 Matth.
1367 3339 1694 3399 Christum
1716 3341 2217 3420 sunt-ducenda,
2236 3343 2402 3421 Luc.

261 3448 314 3490 1:
379 3432 499 3504 23,
572 3447 666 3488 10:
717 3430 817 3487 25.
902 3427 1105 3499 Iidem
1177 3428 1285 3518 qpi
1371 3437 1465 3495 14:
1516 3428 1616 3485 33.
1651 3433 1659 3441 ’
1738 3473 1743 3478 .
2088 3449 2095 3458 .

255 3513 485 3593 Tyrii,
514 3511 741 3572 Matth.
775 3503 999 3571 11:⁹21.
1043 3511 1284 3571 Eorum
1323 3510 1425 3569 Pii
1483 3518 1803 3569 vocantur
1850 3508 2001 3569 Filii
2049 3512 2215 3588 Dei,
2264 3529 2403 3571 om·-

252 3598 477 3676 lingua
516 3594 721 3674 qualis
747 3642 762 3669 ,
807 3596 1040 3656 Matth.
1085 3615 1137 3656 1:
1186 3600 1287 3657 23.
1363 3594 1552 3653 nibus
1589 3602 1809 3653 tamen
1843 3596 2115 3655 subiecti
2150 3598 2404 3657 incom-

253 3683 394 3743 Mos
417 3679 782 3739 honorandi
805 3680 1034 3761 Reges,
1060 3680 1286 3741 Matth.
1364 3678 1569 3737 modis
1609 3676 1797 3737 huius
1838 3679 2018 3746 vitae
2041 3724 2059 3753 ,
2101 3677 2301 3740 Hebr.
2336 3701 2395 3743 2:

262 3784 360 3824 11:
426 3783 527 3823 21.
625 3764 850 3839 Vitia,
911 3766 1074 3824 ibid.

254 3868 520 3922 eorum,
570 3846 798 3906 Matth.
849 3868 941 3909 10:
990 3853 1092 3911 25.

213 3932 504 4013 Phrygia
535 3941 694 4012 'par's
740 3933 931 3992 Asiae
975 3932 1281 4007 Minoris,

1173 3766 1282 3825 Dii
1369 3776 1466 3832 14.
1532 3763 1765 3823 Merito
1813 3763 2115 3823 dicuntur
2155 3766 2400 3838 oblatio

1367 3855 1634 3926 accepta
1694 3848 1873 3921 Deo,
1935 3850 2141 3909 Marc.
2187 3870 2245 3929 9:
2291 3865 2402 3931 49.

1367 3933 1525 3990 Cum
1591 3932 1927 4008 malorum‘
1969 3942 2160 3993 orent
2220 3936 2405 3995 leva-

211 4089 214 4096 ,
257 4016 405 4080 Act.
439 4016 531 4079 16:
561 4016 621 4075 6.
683 4016 787 4077 An
831 4037 867 4075 a
911 4018 1108 4077 Paulo
1146 4018 1285 4097 ipso
1361 4026 1580 4075 menta
1618 4037 1732 4074 cur
1766 4037 1896 4075 non
1924 4037 2177 4102 semper
2200 4033 2405 4079 exau&

205 4097 210 4106 '
251 4112 622 4181 peragrata,
653 4103 795 4162 Col.
823 4121 959 4183 1²7·
1001 4101 1285 4182 Phrygia
1365 4102 1664 4175 diantur,
1710 4121 1747 4161 2
1793 4101 1942 4161 Cor.
1991 4123 2083 4163 12:

252 4187 583 4263 haeresis,
631 4187 772 4247 Col.
812 4206 871 4247 22
914 4199 979 4257 4.

1366 4196 1601 4244 cuntur
1624 4186 1693 4243 id
1716 4185 1977 4262 secisse,
2005 4124 2235 4267 quoii-a
2261 4108 2400 4251 11))616

216 4271 630 4351 phylacteria
649 4272 828 4351 quid,
854 4269 1203 4330 Manli-23:
1226 4274 1286 4331 5.
1364 4265 1787 4331 obtinuerunt
1828 4281 1896 4330 ut
1932 4273 2116 4332 fieret
2137 4319 2155 4348 ‚
2196 4273 2399 4335 Hebr.

257 4357 496 4417 Eorum
577 4378 724 4428 usus
800 4354 1283 4415 consuetudinis
1372 4375 1464 4414 111
1515 4360 1618 4419 33.
1707 4356 1811 4415 lus
1868 4368 2112 4417 certum
2155 4357 2402 4417 habent

250 4442 454 4522 magis
494 4464 681 4525 quam
725 4440 1087 4523 praecepti,
1126 4440 1287 4500 ibid.
1367 4440 1447 4500 ad
1487 4440 1685 4502 vitam
1721 4447 2085 4524 aeternam,
2112 4444 2224 4503 sed
2250 4465 2396 4521 pos-

1433 4525 1559 4585 M5

2252 4536 2401 4585 sunt
