2779 5085
681 285 1067 348 RERUM
1156 312 1254 350 m-
1341 264 1997 377 vrasoaUM.
2317 322 2514 388 147⁵

758 445 861 506 Μ..
1366 448 1681 528 Magister
1717 452 1908 510 navis
1949 455 2086 531 quis
2123 470 2469 538 vocetur,'

1406 535 1552 591 Act.
1602 550 1698 612 27:
1759 555 1849 593 11.
1937 540 2227 617 Magistri
2303 568 2429 605 vox

250 612 793 689 Maccahaeorum
858 613 1028 674 liber
1087 618 1326 696 primus
1405 617 1631 695 quibus
1698 620 1896 676 tribui
1962 627 2197 699 solita,
2273 628 2428 691 Luc.

299 717 414 755 cur
483 700 552 756 in
621 697 853 756 Bibtiis
920 701 1114 759 tertio
1181 704 1325 762 loco
1402 704 1461 760 5:
1513 706 1575 761 5.
1666 703 1954 782 Magistri
2014 708 2167 765 boni
2212 722 2275 768 et
2305 735 2429 772 „sa-

297 784 382 839 sit
427 761 714 859 positui,
769 802 793 840 ι
845 783 1075 843 Thess.
1127 805 1178 843 1.
1400 787 1636 863 pientia
1679 789 1831 866 quid
1878 792 2238 868 proprium,
2282 795 2426 856 Ioh.

248 865 642 926 Macedonia
718 867 827 925 ubi
896 870 1064 942 sita,
1143 870 1322 929 Rom.
1403 868 1496 928 16:
1555 889 1649 928 12.
1728 870 2020 950 Magistri
2063 875 2421 954 ignominia

303 954 395 1009 15:
451 970 549 1029 19.
634 948 834 1009 Vetus
879 956 1317 1032 negotantium
1398 960 1582 1030 atque
1650 954 1863 1013 odium
1898 946 2005 1015 'ad
2066 959 2418 1041 discipulos

292 1030 671 1093 Iudaeorum
693 1036 941 1110 nutrix,
969 1037 1317 1097 2Thess.1.
1396 1038 1714 1094 redundat
1738 1082 1752 1107 ,
1801 1039 1951 1096 Luc.
1984 1060 2080 1101 22:
2113 1049 2211 1121 37.
2280 1049 2421 1107 Ma-

245 1114 635 1178 Macedones
701 1122 956 1197 quaudo
1018 1121 1313 1180 Iudaeam
1392 1121 1659 1199 gistrum
1728 1122 1803 1181 de
1870 1124 2080 1183 dubiis
2134 1149 2265 1187 non
2313 1132 2422 1192 in-

290 1222 535 1260 summo
599 1203 870 1281 imperio
940 1209 1311 1278 tenuerint,
1392 1215 1725 1284 terrogans
1790 1228 1856 1264 se
1916 1219 2208 1285 accusat,
2271 1215 2417 1276 Ioh.

289 1286 436 1345 Act.
500 1290 594 1346 15:
646 1305 746 1345 20.
835 1289 1147 1367 Mysteria
1212 1313 1310 1347 ac·
1362 1289 1448 1359 ,62
1491 1290 1592 1346 60.
1665 1290 1950 1368 Magistri
1981 1297 2264 1371 equitum
2297 1320 2415 1358 no·-

290 1379 601 1450 ceperunt
640 1392 675 1428 a
711 1371 1106 1446 Thracibus,
1145 1375 1314 1432 Phil.
1388 1394 1533 1430 men
1597 1383 1694 1432 est
1758 1396 1885 1435 vox
1950 1378 2364 1458 Magistratus
2389 1422 2418 1461 ,-

287 1468 346 1524 4:
426 1473 521 1513 12.
635 1455 1017 1516 Macedones
1089 1458 1307 1517 Chris·
1394 1456 1551 1514 Luc.
1594 1462 1653 1516 5:
1702 1461 1764 1517 5.

283 1538 455 1596 tiani
519 1560 555 1596 a
619 1541 845 1617 quibus
909 1545 1187 1602 maxime
1249 1554 1311 1601 et
1346 1541 1756 1619 Magistratus
1806 1543 2074 1602 Romani
2114 1568 2227 1605 cur
2271 1570 2416 1617 cum

280 1632 587 1701 quantum
626 1626 881 1699 vexati,
924 1646 958 1683 2
988 1626 1137 1684 Cor.
1164 1631 1223 1686 8:
1252 1632 1309 1685 8.
1386 1627 1714 1683 securibus
1749 1627 2172 1702 incedebant,
2209 1634 2414 1710 Apoc.

281 1703 709 1766 Macedonum
742 1731 1004 1789 regnum
1033 1710 1306 1771 Hebraei
1383 1726 1483 1767 20:
1514 1723 1576 1778 4.
1641 1710 2057 1790 Magistratus
2092 1713 2413 1778 Romanus

278 1800 524 1850 vocant
567 1812 830 1872 regnum
874 1794 1304 1871 Graecorum,
1384 1814 1515 1850 non
1579 1795 1857 1853 sollicite
1901 1794 2155 1854 solebat
2197 1800 2414 1879 inqui-

282 1872 424 1933 Ioh.
471 1896 530 1954 7:
581 1880 683 1937 35.
1294 1898 1299 1901 ¹
1366 1870 1524 1934 'rere
1572 1879 1640 1934 in
1684 1900 1760 1936 ea
1803 1900 1965 1956 quae
2010 1888 2240 1940 statum
2296 1907 2414 1963 pu-

237 1959 587 2020 Macellum
655 1961 826 2020 unde
901 1959 1197 2039 dicatur,
1276 1984 1296 2023 ι
1384 1961 1621 2019 blicum
1689 1984 1819 2020 non
1879 1964 2125 2024 directe
2182 1977 2410 2047 tange-

283 2044 433 2103 Cor.
486 2062 580 2125 to:
627 2049 730 2106 25.
1378 2045 1582 2120 bant,
1636 2065 1660 2103 1
1717 2047 1868 2105 Cor.
1913 2052 1971 2106 5:
2023 2067 2083 2107 2.
2169 2052 2409 2130 Magis-

235 2127 412 2208 Magi
534 2129 793 2208 quinam
920 2128 1262 2207 dicantur,
1378 2137 1585 2187 tratus
1606 2131 1827 2210 templi
1848 2132 2147 2208 officium,
2172 2136 2411 2196 Matth.

277 2210 510 2273 Matth.
537 2232 595 2293 2⁸:
630 2233 685 2272 1.
750 2214 924 2293 Magi
961 2214 1041 2272 ad
1082 2215 1298 2273 Chris·
1378 2212 1478 2272 26:
1524 2216 1628 2283 45.

275 2305 412 2355 tum
455 2297 791 2357 venientes
829 2297 999 2357 unde
1047 2301 1301 2358 venisse
1345 2296 1828 2376 magistratuum
1898 2297 2158 2358 nomine
2228 2323 2410 2363 com-

276 2382 614 2455 dicantur,
645 2380 872 2442 Mattb.
900 2401 953 2442 2:
987 2403 1005 2440 ι
1032 2427 1049 2455 ,
1090 2404 1176 2442 ¹1:
1209 2403 1300 2441 11.
1380 2382 1866 2458 prehenduntur
1926 2381 2098 2442 heri*
2130 2405 2236 2443 seu
2288 2389 2409 2446 do-

269 2465 609 2538 Quomodo
658 2465 901 2526 Christi
951 2468 1295 2527 adventum
1374 2466 1533 2523 mini
1583 2465 1952 2540 domestici,
2011 2467 2189 2527 Rom.
2235 2491 2292 2530 2:
2347 2493 2401 2531 1.

270 2553 652 2631 cognovisse
724 2552 1025 2610 dicantur
1053 2597 1069 2624 ,
1140 2554 1296 2611 ibid.
1375 2550 1855 2631 Magistratuum
1889 2561 1953 2610 et
1997 2554 2400 2628 dominorum

200 2653 207 2660 ’
270 2634 548 2707 Quando
610 2656 825 2695 coram
882 2636 1141 2695 Christo
1188 2658 1288 2716 ap·
1372 2636 1642 2713 imperia
1753 2636 1965 2716 specie
2051 2629 2398 2700 'libertatis

266 2720 652 2801 paruerint,
712 2720 875 2778 ibid.
972 2720 1292 2790 Quantum
1373 2719 1783 2779 Christianae
1870 2741 2175 2799 spernere
2229 2715 2396 2783 'non

264 2804 410 2862 auri
457 2804 754 2864 dederint
798 2803 1097 2880 Christo,
1145 2806 1295 2864 Luc.
1368 2814 1656 2881 oportet,
1690 2824 1714 2864 1
1750 2806 1982 2879 Cor-7:
2009 2826 2108 2866 21.
2171 2807 2397 2879 Qualis

267 2906 332 2948 2:
395 2900 494 2958 24.
582 2888 755 2959 Quos
819 2889 1297 2968 praefigurante·=
1368 2890 1734 2947 reverentia
1770 2892 1847 2947 iis
1882 2890 2224 2966 debeatur,
2253 2892 2397 2952 Iob.

264 2972 454 3046 rint,
520 2973 722 3051 Apoc.
786 2973 879 3032 16:
944 2991 1036 3033 12.
1122 2975 1293 3054 Magi
1372 2991 1465 3044 17:
1512 2992 1611 3031 22.
1700 2973 2179 3052 M-agistratibus
2228 2997 2399 3044 mer-

268 3056 657 3117 auctoritate
698 3067 764 3116 et
797 3059 1094 3136 exemplo
1139 3059 1286 3117 ado·
1368 3056 1587 3114 cedem
1645 3056 1812 3115 dixit
1860 3057 2044 3115 Plato
2092 3078 2231 3118 esse
2273 3060 2397 3121 ho·

265 3141 506 3202 :rabant
535 3144 706 3201 Deos
745 3143 1062 3222 gentium,
1092 3142 1291 3219 Apoc.
1364 3160 1632 3214 norem,
1686 3159 1710 3200 1
1767 3140 1918 3202 Cor.
1963 3143 2022 3199 5:
2074 3154 2170 3210 14.
2257 3145 2398 3203 Ma-

270 3229 507 3287 13212.
569 3225 668 3284 Ex
706 3227 910 3285 antris
942 3228 1280 3305 loqueban-
1364 3224 1741 3303 gistratibus
1808 3225 1864 3282 si
1925 3244 2048 3303 qua
2117 3228 2394 3287 saevitia

263 3318 411 3385 tur,
473 3311 672 3389 Apoc.
736 3316 829 3373 13:
888 3329 983 3369 11.
1068 3310 1286 3383 Vino,
1365 3308 1998 3389 Religionis.causa‚
2044 3308 2208 3366 nulli
2255 3311 2396 3389 pio-

268 3395 643 3453 animalium
722 3415 832 3456 esu
905 3404 970 3455 et
1036 3395 1288 3455 Venere
1360 3413 1496 3451 rum
1537 3395 1910 3465 metuenda,
1955 3413 1976 3451 1
2021 3392 2154 3451 Pet.
2192 3398 2250 3454 3:
2297 3408 2397 3467 14.

234 3479 589 3539 -abstinere
649 3481 988 3552 solebant,
1042 3480 1181 3539 Col.
1229 3501 1283 3541 2:
1323 3477 1551 3558 Magog
1647 3489 1966 3537 vocantur
2059 3478 2389 3558 Scythae,

262 3580 381 3636 21,
449 3565 649 3642 Apoc.
714 3569 811 3627 13:
867 3585 961 3623 11.
1052 3565 1287 3624 Facere
1364 3563 1563 3640 Apoc.
1607 3581 1706 3622 20:
1756 3565 1817 3621 8.
1905 3562 2156 3641 Magogi
2200 3564 2390 3639 regni

265 3646 567 3706 dicuntur
600 3647 703 3721 id,
741 3649 912 3727 quod
948 3649 1029 3707 ad
1065 3671 1281 3708 eorum
1361 3648 1539 3712 sedes
1604 3647 1778 3705 olim·
1812 3655 1954 3706 erat
1993 3645 2387 3723 Antiochia,

259 3725 741 3791 invocationem
788 3735 1143 3794 Daemones
1190 3735 1278 3792 fa·
1360 3731 1504 3789 Aet.
1555 3751 1645 3788 12:
1699 3730 1796 3790 26.

263 3811 472 3889 ciunt,
511 3817 675 3875 ibid.
735 3819 1065 3898 Magorum
1102 3819 1280 3898 signa
1325 3814 1701 3872 Mahumetis
1784 3813 2035 3891 Religio
2107 3813 2384 3872 Satanae

260 3909 323 3958 et
367 3902 695 3981 prodigia,
747 3904 950 3980 Apoc-
1005 3907 1097 3964 13:
1152 3909 1240 3963 13.
1356 3891 1711 3976 repertum,
1754 3899 1953 3974 Apoc.
1992 3914 2088 3956 20:
2120 3917 2180 3970 7.
2252 3897 2388 3956 Ma·-

219 3983 431 4063 Magia
467 4006 582 4045 cur
614 4008 649 4045 e
685 3994 862 4045 terra
889 3987 1280 4046 adscendere
1353 3982 1770 4041 humetismus
1813 3980 1982 4040 nihil
2036 3981 2215 4039 aliud
2256 3983 2392 4041 nisi

258 4068 550 4146 dicatur,
596 4071 790 4150 Apoc.
842 4077 938 4131 13:
988 4089 1082 4129 11.
1156 4073 1272 4151 Py-
1353 4070 1580 4147 ingens
1632 4064 2113 4125 Christianismi
2153 4067 2388 4144 depra-

253 4150 589 4232 thagorica
657 4157 894 4213 vulnus
960 4154 1276 4214 inflictum
1353 4153 1577 4226 vatio,
1628 4148 1855 4209 Matth.
1903 4163 1998 4218 24:
2059 4170 2152 4206 1¹7.

253 4234 669 4318 idololatriae
729 4239 1194 4319 quodammodo
1316 4238 1617 4299 Maiestas
1666 4234 1847 4293 nulla
1894 4233 2030 4291 sine
2090 4231 2380 4294 bonitate

251 4322 568 4381 medicata
609 4332 746 4400 est,
794 4326 991 4403 Apoc.
1037 4328 1131 4384 13:
1188 4343 1278 4382 12.
1352 4332 1490 4399 est,
1539 4319 1737 4379 Hebr.
1789 4336 1881 4378 ιιι
1928 4318 1990 4376 6.
2080 4319 2380 4377 Maiestas

252 4403 463 4485 Magia
523 4408 721 4468 noxia
778 4410 1004 4489 primis
1054 4408 1275 4467 Chris·
1355 4409 1474 4466 Dei
1511 4403 1829 4483 quomodo
1859 4412 2377 4482 repraesentata,

252 4488 486 4567 tianis,
532 4492 690 4550 ibid.
732 4561 737 4562 7
1354 4496 1495 4552 Act.
1540 4510 1595 4560 7:
1645 4493 1742 4549 55.
1802 4487 1877 4548 In
1915 4486 2143 4568 quibus
2186 4487 2377 4543 rebus

1485 4573 1542 4630 K
1573 4591 1606 4631 2
2266 4588 2378 4645 ap-
