2779 5085
653 205 1040 270 RERUM
1124 216 1231 285 ‚n
1314 206 1975 273 venzonum.

272 369 653 444 Quadrante
740 367 953 428 victus
1030 344 1303 427 diurnus

272 476 396 537 pau
400 476 478 535 pe
485 453 640 514 rrim
647 472 831 511 orum
847 450 1178 511 hominum
1189 452 1304 530 ad-

2293 237 2411 282 201

1850 368 1928 431 R.

222 570 228 577 ·
273 541 536 600 modum
618 535 1011 618 parabatur,
1102 537 1304 598 Maro.
1340 532 1550 593 Rsbbi
1591 535 1736 623 plus
1794 544 1938 597 erat
1992 559 2178 618 quam
2229 539 2411 623 Rab,

227 645 416 783 Qlutd
424 637 714 852 {affuturis
731 676 1306 780 Meretrix‚Matth.

257 798 334 857 .5:
388 813 423 852 2
470 832 489 851 .

103 906 110 913 =
229 877 569 950 Quadrata
598 875 804 955 figura
835 872 1305 953 perfectionem

274 962 641 1043 significat,
691 961 888 1040 Apoc.
931 975 1032 1017 213
1086 958 1211 1017 16.·

233 1046 564 1118 Quaerere
587 1046 788 1104 Deum
810 1041 968 1122 quid
987 1041 1106 1118 sit,
1125 1041 1307 1103 Rom.

279 1136 341 1193 3:
397 1148 470 1190 10
493 1160 518 1204 ,‘
561 1128 760 1187 Hebr.
810 1147 903 1187 ιι3
954 1125 1017 1184 6.

228 1214 874 1287 Quaestionariorum
917 1208 1192 1268 officium
1238 1229 1305 1267 a-

1374 618 1616 699 ·Matth.
1660 623 1761 682 23:
1811 641 1872 699 7.
1956 621 2241 684 Rabbini
2296 628 2417 693 Iu-

1382 704 1560 777 daeis
1580 713 1923 773 *vocantur
1962 707 2111 767 Lux
2152 712 2412 790 mundi,

1385 787 1571 847 Rom.
1633 808 1692 849 2:
1765 809 1862 869 19·
1953 790 2238 853 Rabbini
2305 797 2418 856 Iu-
2472 866 2479 873 ,

1383 873 1686 932 dseorum
1750 875 2017 954 plurimi
2076 878 2416 942 adulteriis

1381 966 1450 1015 et
1491 958 1785 1035 affinibus
1827 960 2009 1020 vitiis
2055 962 2233 1024 suere
2281 966 2421 1024 illi-
2472 1022 2476 1026 .

1380 1042 1557 1120 gati,
1625 1042 1812 1103 Rom.
1866 1063 1925 1105 23
1977 1064 2081 1106 22.
2174 1049 2418 1109 Rabbi-

1333 1188 1338 1197 ,
1380 1145 1609 1189 norum
1644 1126 1958 1206 pestilens
1996 1135 2323 1193 sententia
2353 1143 2421 1195 et

1379 1211 1853 1288 praeiudicium
1897 1214 1976 1274 de
2025 1216 2163 1285 vita
2206 1230 2420 1279 aeter-

272 1301 409 1379 pud
433 1299 794 1371 Romanos,
825 1292 1053 1363 Matth.
1073 1314 1171 1373 273
1202 1293 1304 1355 65.
1376 1314 1507 1370 na,
1556 1294 1744 1356 Rom.
1785 1316 1846 1358 23
1902 1303 2007 1374 13,
2055 1303 2115 1362 83
2169 1320 2224 1361 1.
2285 1302 2418 1363 Eo-

227 1383 690 1457 Quaestiouem
730 1378 1017 1439 habendi
1059 1398 1195 1437 mos
1235 1399 1303 1436 a·
1376 1400 1521 1437 rum
1557 1380 1857 1442 doctrina
1879 1384 2091 1463 qualis
2121 1384 2420 1468 Euange-

268 1469 402 1547 pud
443 1467 764 1527 Romanos
799 1462 1046 1545 qualis,
1074 1461 1306 1523 Matth.
1379 1463 1472 1522 lio
1510 1474 1885 1546 comparata
1905 1478 1926 1544 ᾖ
1960 1489 1980 1527 1
2016 1471 2184 1545 Tim,
2216 1492 2268 1533 13
2304 1492 2370 1532 ιι
2390 1516 2413 1550 ‚

273 1570 375 1630 27:
432 1569 543 1631 19,
587 1551 734 1611 Act.
772 1569 870 1611 223
900 1562 1001 1619 24.
1058 1545 1305 1619 Quaes-
1380 1547 1439 1608 6:
1491 1551 1567 1624 3,
1617 1569 1655 1609 2
1703 1551 1874 1611 Tim.
1922 1571 1973 1612 1:
2026 1573 2122 1612 ιο.

270 1636 482 1696 tiones
570 1636 861 1694 curiosas
940 1632 1125 1692 nullo
1200 1653 1305 1691 re-
1341 1625 1573 1692 RahaB
1637 1635 1843 1714 figura
1919 1636 2416 1700 idololatrarum

147 1746 154 1751 ·
274 1741 508 1800 sponso
558 1719 856 1780 Christus
903 1716 1161 1797 dignari
1202 1737 1305 1776 so·
1384 1716 1897 1795 poenitentium.
1934 1719 2135 1781 Hebr.
2175 1743 2266 1783 113
2314 1729 2417 1785 31.

271 1806 403 1879 let,
454 1804 614 1866 Luc.
666 1808 761 1866 13:
810 1807 911 1865 23.
1020 1820 1024 1835 ¹

1381 1800 1534 1862 Eius
1563 1803 1720 1863 fides
1742 1825 2014 1883 operosa
2033 1850 2053 1881 ,
2084 1807 2215 1867 lac.
2240 1811 2419 1869 2:25.

233 1889 549 1962 Quaestus
589 1909 855 1968 magnus
893 1884 1034 1967 quis
1073 1884 1158 1945 sit
1190 1882 1298 1944 ha·
1344 1885 1533 1946 Ratio
1585 1888 1740 1963 Dei,
1790 1891 1964 1949 Deus
2011 1902 2142 1967 est,
2187 1892 2420 1951 huma-

275 1974 564 2050 bendus,
595 1990 643 2033 ‘1
678 1975 851 2034 Tim.
887 1974 946 2032 6:
987 1970 1047 2027 6.
1094 1970 1302 2040 Quae-

269 2067 407 2119 stus
478 2078 673 2118 causa
739 2056 1020 2139 pecunia
1089 2055 1307 2113 aliena

269 2143 366 2203 uti
436 2153 754 2225 quatenus
819 2141 1057 2216 liceat,
1151 2138 1307 2198 Luc.

273 2228 333 2289 63
382 2232 484 2289 35.
568 2227 918 2299 Quaestum
979 2244 1060 2285 ex
1117 2243 1307 2282 sacra

276 2312 555 2373 docendi
603 2327 812 2392 opera·
845 2331 961 2370 cur
1010 2307 1305 2369 Christus

260 2396 614 2476 'discipulis
633 2391 1307 2478 prohibuerit‚Mattli.

282 2500 377 2542 lo:
428 2485 488 2542 8.

201 2559 202 2562 ¹
231 2567 595 2640 Qualitates
613 2565 846 2628 mutari
861 2561 1306 2644 posse‚Matth.

276 2672 336 2731 7:
390 2655 486 2713 18.
574 2651 1016 2724 Qualitatibus
1060 2649 1304 2708 similes

269 2737 486 2798 solent
546 2757 686 2796 esse
758 2744 942 2795 actus
968 2779 988 2809 ,
1073 2732 1307 2795 Matth.

272 2842 332 2898 7:
387 2824 507 2899 18,
563 2841 587 2882 1
638 2820 783 2880 Ioh.
824 2823 884 2881 3:
935 2840 997 2898 9.

231 2904 478 2977 Quidni
498 2906 706 2985 qualis
722 2924 877 2978 vox,
893 2900 1277 2979 Matth.5:37
1290 2942 1307 2959 .

231 2990 427 3062 Quies
489 3011 676 3071 quam
737 2987 961 3050 suavis
1025 2988 1112 3045 sit
1156 3007 1305 3065 pro·

1381 1971 1487 2030 nis
1553 1973 2203 2052 rebus'consulens,
2274 1976 2417 2037 loh-

1386 2075 1441 2116 1:
1497 2075 1549 2114 ι.
1635 2056 1936 2118 Rationis
1993 2072 2206 2121 rectus
2266 2083 2415 2121 usus

1379 2138 1629 2199 homini
1677 2151 1946 2222 agnatus
1998 2154 2140 2220 est,
2209 2167 2414 2226 neque
2460 2150 2469 2159 ‘

1381 2226 1599 2284 omnia
1638 2227 1760 2286 Dei
1792 2228 2038 2288 auxilia
2083 2231 2413 2310 excludit,

1382 2309 1569 2368 Rom.
1617 2331 1674 2372 2:
1730 2326 1825 2383 14.
1913 2313 2212 2374 Rationis
2273 2337 2415 2376 cum

1381 2395 1717 2459 affectibus
1747 2399 2092 2478 pugnantis
2119 2399 2418 2479 exempla
2486 2458 2489 2461 ,

1383 2500 1421 2538 a
1482 2479 1695 2540 Poetis
1763 2502 2117 2563 expressa,
2184 2484 2416 2546 Matth.

1388 2579 1481 2636 143
1530 2587 1593 2645 9.
1679 2566 2042 2628 Secundum
2097 2573 2417 2631 rationem

1381 2651 1613 2710 vivere
1699 2659 1830 2711 tam
1905 2656 2205 2716 naturale
2275 2677 2415 2716 esse
2494 2651 2503 2658 ’
2600 2653 2605 2660 ’

1378 2734 1632 2794 homini
1678 2737 1904 2814 debet,
1952 2760 2140 2818 quam
2188 2741 2415 2801 bestiis

1380 2820 1611 2880 vivere
1701 2824 2054 2884 secundum
2147 2836 2417 2886 naturae

1377 2902 1754 2981 impulsum,
1807 2907 1968 2968 Luc.
2018 2925 2113 2988 17:
2164 2930 2226 2988 7.
2285 2911 2419 2971 Ra-

1376 2986 1625 3046 tionem
1692 2990 2083 3051 iudiciorum
2152 3014 2415 3054 suorum

273 3077 384 3134 bat
428 3073 805 3135 sollicitudo
826 3116 846 3147 ,
893 3072 1051 3131 Luc.
1083 3090 1177 3130 12:
1214 3089 1305 3149 19.
1379 3071 1860 3131 vindicantium
1886 3075 2057 3134 Deus
2077 3078 2244 3136 solet
2268 3081 2420 3137 red-

269 3159 468 3231 Quies
533 3160 664 3220 diei
721 3157 1034 3238 septimae
1092 3155 1304 3213 cuius·
1381 3155 1574 3231 dere,
1618 3157 1874 3217 nonita
1914 3159 2413 3240 beneficiorum,

269 3264 419 3304 nam
466 3245 699 3324 quietis
748 3245 1047 3322 signum,
1108 3239 1306 3299 Hebr.
1379 3238 1545 3318 Eph.
1596 3259 1648 3301 1:
1698 3244 1761 3302 5.

241 3342 328 3400 ’43
385 3347 481 3389 ιο.
584 3328 880 3402 Quietem
946 3325 1016 3385 in
1078 3324 1303 3383 labore
1339 3324 1683 3385 Rationale

187 3437 192 3442 ²
273 3414 365 3492 pii
409 3412 945 3493 habent‚!Apoc.
996 3423 1090 3480 14:
1148 3414 1248 3471 13.

1766 3307 1887 3386 mi
1977 3328 2133 3388 Deo·
2182 3328 2417 3390 tribuit

1379 3410 1612 3485 Plato,
1667 3411 1824 3471 Luc.
1878 3430 1971 3491 19:
2018 3427 2122 3485 41.

173 3506 199 3518 ··
227 3496 834 3580 Quinquagenarius
855 3514 1159 3556 numerus
1186 3515 1300 3553 no·
1339 3494 1919 3556 Reconciliationis
1980 3508 2046 3559 et
2092 3497 2420 3559 remissio·
2488 3587 2491 3590 Ι

266 3582 415 3640 bilis
458 3583 539 3642 ob
576 3584 926 3642 iubilaeum
971 3579 1140 3661 apud
1177 3577 1302 3638 He·
1375 3581 1479 3637 nis
1531 3581 1812 3642 Divinae
1860 3584 2047 3642 multi
2082 3591 2236 3643 sunt
2268 3603 2418 3664 gra-

268 3667 502 3725 breeos
528 3710 549 3742 ‚
595 3666 738 3727 Ioh.
781 3670 839 3728 8:
888 3665 995 3727 56.

225 3748 569 3823 Quirinius
619 3751 862 3811 Consul
904 3749 1035 3811 fuit
1072 3756 1139 3808 et
1185 3748 1301 3809 Se·
1338 3748 1522 3810 Recti
1559 3759 1624 3810 et
1667 3772 1799 3811 non
1836 3750 2023 3811 Recti
2055 3750 2413 3812 discrimen
2533 3808 2539 3816 .

1141 3832 1303 3894 Luc.
1376 3832 1584 3891 dictat
1608 3835 2013 3914 aliquatenus
2038 3836 2231 3895 Ratio
2247 3879 2266 3910 ‚
2289 3836 2415 3896 Dei
2452 3889 2455 3894 .

266 3833 512 3894 natorii
581 3834 833 3894 ordinis
900 3833 1054 3909 vir,

1376 3664 1542 3738 dus,
1597 3665 1777 3726 Rom.
1833 3686 1926 3727 113
1987 3672 2083 3729 15.

267 3938 329 3981 23
378 3937 441 3981 2.
523 3918 860 3992 Quirinius
906 3938 1038 3978 non
1079 3917 1301 3991 Quiri·
1375 3925 1586 3975 autem
1627 3920 2414 4004 praeceptaplenissime,

267 4023 390 4064 nus
432 4004 793 4065 vocabatur
840 4003 954 4062 sub
995 4021 1121 4080 quo
1167 4002 1301 4081 pri·
1364 4001 1517 4075 Gal.
1561 4005 1621 4061 5:
1680 4003 1774 4063 16.
2304 4027 2307 4034 ’

265 4108 406 4151 mus
456 4107 685 4148 census
718 4087 930 4147 sactus
964 4086 1037 4146 in
1062 4085 1300 4146 Iudaea
1334 4086 1629 4146 Reddere
1677 4088 1948 4148 multum
2002 4109 2266 4170 aequum
2301 4099 2414 4150 'est

265 4181 403 4247 est,
466 4173 627 4233 ibid.
712 4171 870 4233 Eius
930 4169 1103 4251 apud
1170 4171 1301 4230 Au·
1375 4172 1432 4230 ei
1474 4171 1583 4252 qui
1623 4172 1874 4255 accepit
1914 4177 2212 4253 multum,
2253 4176 2413 4236 Luc.

264 4267 515 4336 gustum
577 4258 773 4320 favor
835 4264 904 4318 et
973 4253 1298 4331 historia,
1379 4274 1474 4315 12:
1522 4269 1628 4336 47.

267 4339 431 4403 ibid.

1337 4340 1717 4423 Redemptio
1800 4339 2067 4404 humani
2154 4344 2412 4425 generis

1373 4446 1548 4486 nova
1598 4426 1844 4492 creatio
1899 4438 2217 4502 vocatur,
2268 4429 2412 4489 1011.

1436 4498 1560 4572 'NS
2353 4532 2404 4574 13
