2779 5085
573 262 574 269 ¹
683 230 1077 294 RE‘RUM
1166 242 1266 289 ΒΦ
1351 223 2013 306 VERBORUM.
2325 256 2444 322 251

299 394 541 459 eximia
586 402 687 453 est
730 412 890 472 quae
939 390 1017 451 de
1061 387 1203 450 Deo
1242 387 1337 448 di·
1422 410 1516 471 17:
1567 393 1629 453 5.
1712 391 1899 453 Vitae
1946 401 2249 464 aeternae
2303 420 2446 480 spes

308 490 589 554 cuntur,
647 476 786 537 1011.
832 481 893 538 5:
942 494 1042 535 21.
1128 474 1340 533 Vitam
1414 475 1621 555 qualis
1668 477 1827 536 olim
1870 477 2072 550 fuerit
2112 482 2182 539 in
2223 472 2450 544 Veteri

281 563 656 624 ,defendere
722 562 821 621 ius
879 568 978 620 est
1025 569 1296 619 naturae
1325 601 1342 629 ,
1418 562 1837 621 Testamento
1864 605 1884 637 ,
1932 562 2163 623 Matth.
2216 570 2276 627 5:
2332 560 2451 645 20,

304 645 647 713 Matthv5:
695 659 800 715 40.
864 642 1020 703 Vita
1063 642 1343 703 hominis
1425 667 1521 725 ¹9²
1571 663 1705 705 21.·
1757 645 2034 721 Quando
2082 658 2149 707 et
2191 670 2460 728 quomo-

307 741 587 801 mutata,
637 738 921 789 mutatur
961 730 1085 788 Dei
1124 728 1342 795 decre·
1422 729 1506 788 do
1554 728 1808 788 dicatur
1852 730 2141 810 coepisse
2191 733 2453 813 doceri,
2500 790 2509 795 ,

306 828 492 892 tum,
560 814 741 873 Rom.
785 833 862 874 x2:
921 833 983 893 9.
1066 813 1145 874 111
1208 813 1349 870 vita
1424 812 1656 874 Matth.
1699 816 1761 874 5:
1804 832 1906 874 20.
1993 814 2460 880 Vitaaeterna

306 902 437 961 hac
484 909 550 959 et
589 896 863 957 'aeterna
895 916 1344 976 recompensa-
1422 909 1489 957 et
1527 897 1902 958 beatissima
1943 899 2111 959 nihil
2151 905 2456 980 suavius,

312 987 557 1045 tionem
622 980 846 1041 dicunt
904 980 1187 1041 Hebraei
1232 978 1345 1037 ha·
1430 1002 1456 1042 1
1511 981 1662 1041 Cor.
1715 985 1809 1043 15:
1861 985 1966 1043 58.
2365 1054 2368 1059 ᾗ

313 1071 482 1130 bere·
539 1087 643 1127 res
705 1074 1025 1145 quatuor,
1102 1084 1126 1123 1
1182 1065 1348 1122 Tim.
1388 1064 1690 1125 Vitellius
1721 1064 1860 1149 (L.)
1913 1066 2243 1147 Caiaphae
2287 1071 2464 1130 Pon-

311 1166 375 1224 4:
423 1155 485 1211 8.
569 1151 725 1209 Vita
771 1171 887 1228 pro
950 1149 1093 1208 vita
1140 1157 1348 1207 aeter·
1422 1151 1690 1209 tifioiam
1741 1152 2119 1231 dignitatem
2176 1155 2456 1232 ademit,

312 1259 446 1312 na,
509 1234 650 1295 Ioh.
719 1238 778 1294 5:
830 1237 932 1312 59.
1018 1232 1174 1291 Vita
1236 1252 1350 1290 cur
1425 1234 1656 1293 Matth.
1703 1236 1916 1296 26:.3.
2004 1237 2274 1298 Devitat
2342 1261 2456 1320 per

318 1323 574 1380 dicatur
602 1316 920 1390 ChristuS,
949 1315 1090 1375 1011.
1117 1334 1211 1376 12:
1240 1319 1345 1388 50,
1423 1319 1804 1378 Iudaeorum
1875 1320 2204 1399 regionem
2277 1325 2461 1403 sigua

320 1426 347 1465 1
401 1403 542 1482 Ioh.
603 1407 663 1464 5:
728 1420 830 1462 20.
915 1401 1072 1459 Vita
1142 1402 1347 1459 altera
1422 1403 1595 1463 serre
1645 1402 1727 1461 ad
1771 1396 2156 1464 Iudaeorum
2228 1409 2464 1488 depre-

314 1489 585 1569 pessime
647 1486 816 1546 solet
872 1485 1142 1560 cedere,
1212 1483 1343 1563 qui·
1423 1487 1798 1563 cationem,
1884 1488 2116 1548 Matth.
2187 1508 2287 1563 24:
2366 1496 2463 1553 15.

310 1574 429 1633 bus
492 1570 605 1630 hic
673 1579 773 1627 est
835 1570 1120 1649 optime,
1192 1567 1351 1626 Luc.
1426 1570 1700 1630 Iudaeae
1768 1581 1833 1631 et
1896 1572 2129 1650 Syriae
2195 1577 2458 1654 quando

321 1658 416 1717 16:
471 1659 571 1715 25.
656 1653 813 1713 Vita
880 1674 997 1731 pro
1051 1651 1351 1710 doctrina
1431 1653 1821 1732 praefuerit,
1867 1675 1906 1716 2
1953 1655 2183 1715 Thess.
2227 1679 2285 1719 2:
2334 1661 2396 1718 6.

291 1761 480 1820 quae
564 1737 648 1797 ad
734 1737 965 1795 vitam*
1022 1747 1346 1799 aeternam
1392 1736 1779 1797 Vitiositatis
1848 1749 1913 1799 et
1978 1741 2265 1802 malitiae
2330 1744 2467 1802 dis-

298 1826 541 1897 1111011,
605 1822 752 1880 Act.
797 1824 856 1880 5:
912 1840 1035 1896 20,
1106 1841 1130 1879 1
1180 1821 1350 1879 Tim.
1427 1823 1701 1897 tinctio,
1767 1825 1970 1884 Marc.
2019 1845 2077 1904 7:
2128 1843 2252 1903 22,
2315 1828 2463 1887 Act.

295 1911 377 1969 .6:
436 1928 529 1968 12.
601 1905 755 1964 Vita
801 1915 1066 1964 aeterua
1104 1905 1335 1983 proin·
1429 1910 1485 1967 5:
1541 1906 1642 1965 26.
1768 1964 1801 1993 Ὅ

312 2014 386 2053 re
433 1992 515 2050 ad
560 1990 770 2052 vitam.
805 1998 1166 2063 aeternam,
1211 1987 1349 2048 loh.
1384 1989 1636 2049 Vitiosa
1683 1990 1753 2048 in
1798 1989 1961 2052 locis
2010 1992 2286 2072 publicis
2332 1995 2461 2054 tol-

313 2096 415 2138 201
466 2080 570 2137 51.

661 2074 813 2132 Vita
869 2083 1134 2132 aeterna
1179 2094 1351 2131 sum·
1427 2076 1563 2134 lere
1613 2083 1719 2132 aut
1779 2077 2073 2152 publicae
2123 2080 2455 2155 potestatis

183 2198 192 2208 -
303 2182 456 2220 mus
496 2158 760 2217 effectus
798 2167 896 2217 est
936 2157 1215 2217 Divinae
1244 2158 1349 2216 be·
1427 2156 1540 2218 est'
1570 2167 1679 2217 aut
1725 2161 2010 2225 Divinae
2037 2205 2055 2236 ,
2102 2161 2244 2221 loh.
2275 2182 2329 2222 2:
2366 2167 2462 2224 18.

315 2243 774 2318 nevolentiae,
845 2260 872 2300 1·
921 2242 1096 2301 Petr.
1149 2246 1206 2301 ιε’
1259 2245 1350 2303 15.
1389 2243 1565 2302 Vitis
1627 2263 1821 2303 aurea
1893 2246 2164 2325 Templo
2225 2248 2466 2307 donata

317 2332 579 2388 Donum
639 2334 706 2386 et
768 2327 975 2406 gratia
1035 2335 1350 2400 vocatur,

318 2414 483 2473 Luc.
535 2432 625 2490 17:
668 2431 737 2489 7.
825 2410 1172 2470 Donativis
1242 2431 1358 2469 cur

318 2505 777 2579 comparetur,
829 2495 1049 2554 'Rorn-
1123 2494 1181 2555 6:
1252 2498 1360 2558 25.

319 2584 453 2642 Cur
478 2590 748 2641 vocetur
770 2579 1140 2639 haereditas
1156 2624 1175 2655 ,
1205 2581 1354 2639 Act.

318 2687 418 2727 20:
482 2670 585 2728 52.
688 2664 819 2723 Cur
884 2664 1140 2724 dicatur
1211 2684 1352 2743 spes

299 2751 552 2829 -beata,
615 2749 750 2812 Tit.
816 2766 872 2809 2:
948 2752 1044 2808 15.
1136 2747 1350 2807 Rebus

318 2834 521 2896 animi
555 2854 671 2893 cur
714 2840 1165 2912 comparetur,
1212 2832 1353 2892 Ioh.

303 2920 379 2979 ,62
447 2919 551 2981 63.
625 2918 773 2977 :Cur
837 2936 874 2973 a
957 2914 1221 2974 Christo
1281 2916 1353 2980 in

315 3005 528 3063 lucem
631 3000 949 3081 producta
1052 2998 1352 3077 dicatur,

319 3086 553 3149 Matth.
599 3089 658 3146 5:
710 3103 810 3146 20.
873 3085 994 3156 Per
1026 3088 1353 3162 resurrec-

316 3174 558 3232 tionem
588 3169 834 3252 Christi
860 3168 1164 3249 probata,
1197 3157 1354 3226 Luc:

1426 2327 1552 2387 fuit
1616 2329 1694 2387 ab
1757 2328 2134 2389 Alexandro
2192 2331 2468 2396 Iudaeo·-

1431 2432 1570 2473 rum
1618 2411 2032 2490 Ethnarcha,
2088 2415 2240 2473 Luc.
2278 2435 2374 2475 21:
2404 2418 2466 2476 5.

1430 2497 1528 2557 Ab
1594 2498 1973 2557 Aristobulo
2044 2498 2199 2560 inde
2249 2500 2467 2559 ablata
2548 2555 2560 2574 ,

1427 2592 1494 2640 et
1530 2583 1675 2641 data
1704 2582 2002 2662 Pompeio
2030 2629 2049 2660 ,
2094 2584 2254 2644 ibid.
2301 2583 2462 2644 Eam

1428 2666 1769 2746 Pompeius
1831 2667 1904 2726 in
1967 2667 2295 2746 Capitolio
2352 2690 2471 2747 po-

1427 2752 1596 2826 suit,
1643 2751 1804 2812 ibid.
1891 2751 2179 2813 Alteram
2221 2753 2464 2812 substi-

1427 2836 1552 2893 tuit
1597 2833 1888 2904 Herodes
1948 2857 2253 2917 magnus,
2298 2838 2467 2898 ibid.

1429 2918 1598 2975 Vitis
1692 2919 1940 2996 liquore
2030 2922 2466 2981 laetificantur

1430 2999 1695 3060 Deus'et
1722 3000 2014 3061 homines
2038 3045 2057 3076 ,
2106 3004 2246 3063 Ioh.
2278 3010 2370 3066 15:
2406 3026 2461 3065 1.

1432 3084 1571 3143 Hoc
1653 3084 1731 3143 de
1819 3083 2065 3146 Christi
2148 3091 2461 3168 sanguine

1428 3188 1583 3229 vere
1633 3167 1908 3243 dicitur,
1957 3169 2120 3228 ibid.

319 3270 421 3327 24:
449 3259 553 3327 48.
601 3255 921 3333 Nusquam
942 3253 1013 3312 in
1037 3253 1178 3331 lege
1213 3253 1355 3312 Mo·
1388 3253 1563 3312 Vitia
1623 3252 1798 3312 inter
1860 3274 1928 3311 se
1977 3252 2303 3312 discordia
2350 3253 2462 3313 ad-

320 3343 409 3400 sis
434 3349 532 3400 est
556 3340 903 3417 promissa,
934 3356 972 3397 2
999 3337 1158 3396 Cor:
1173 3340 1230 3399 51
1261 3352 1356 3408 14.
1429 3355 1658 3399 versus
1717 3337 2020 3397 virtutem
2067 3338 2264 3397 facile
2309 3359 2469 3397 con-

320 3426 399 3485 In
449 3425 635 3483 nulla
670 3424 798 3481 alia
834 3422 1137 3481 doctrina
1170 3442 1356 3501 prae-
1432 3422 1688 3503 spirant
1713 3466 1732 3496 ,
1786 3422 1943 3482 Luc.
1978 3428 2078 3485 23:
2133 3442 2227 3482 12.
2291 3423 2469 3482 Vitia

314 3518 607 3588 terquam
656 3508 724 3565 in
776 3505 1133 3587 Euangelio
1166 3526 1355 3567 reve-

323 3594 503 3651 latur
526 3637 545 3667 ‚
595 3592 758 3671 Eph.
783 3592 844 3651 6:
879 3611 946 3666 17
975 3635 992 3665 ,
1042 3612 1077 3652 2
1101 3590 1273 3649 Tim.
1306 3610 1358 3649 1.

293 3677 515 3749 ,Vitae
564 3686 863 3736 aeternae
900 3676 1088 3733 dator
1130 3674 1355 3733 Chris-

322 3771 460 3835 tus,
489 3760 627 3820 Ioh.
648 3765 707 3821 5:
740 3765 816 3839 39
839 3804 858 3834 ,
892 3773 984 3829 14:
1015 3759 1086 3831 6,
1130 3779 1166 3819 2
1189 3760 1357 3819 Tim.

330 3864 385 3908 1:
421 3866 476 3905 1.
520 3844 673 3904 Eius
712 3853 921 3904 certos
947 3843 1104 3902 facit
1132 3842 1354 3903 Chris-

320 3939 467 4008 tus,
534 3950 690 4009 quos
763 3949 800 3986 a
842 3928 1023 3988 vitiis
1074 3929 1355 4004 liberat,

253 4067 256 4078 ,
322 4014 526 4074 Hebr.
592 4034 647 4077 2:
728 4016 825 4072 15.
932 4012 1159 4071 Certos
1225 4033 1357 4072 non

317 4100 481 4159 facit
517 4102 726 4172 Deus,
774 4095 1001 4176 quibus
1029 4116 1199 4155 nunc
1224 4112 1355 4156 11011

312 4185 434 4244 dat
504 4184 819 4265 Spiritum
882 4201 1063 4240 suum
1087 4223 1106 4254 ,
1174 4179 1356 4241 Rom.

324 4290 381 4332 2:
441 4274 537 4342 15.
626 4269 784 4330 Eius
828 4286 1022 4325 causa
1062 4265 1355 4325 est-libe-

319 4355 491 4414 ratio
516 4378 552 4415 a
576 4352 863 4434 peccatis
891 4395 909 4425 ,
959 4350 1140 4409 Rom.
1166 4353 1225 4411 5:
1262 4353 1356 4409 18.

263 4489 268 4494 .
318 4433 473 4500 Eius
516 4438 845 4523 parandae
897 4436 1168 4514 modus,
1216 4433 1356 4497 1011.
1434 4436 1761 4509 Quaedam
1789 4435 2468 4499 defendunturaPhi-

1432 3508 1847 3586 actionesque
1937 3507 2217 3567 vitiosae
2307 3528 2464 3569 vere

1434 3593 1606 3650 mala
1668 3600 1864 3666 sunt,
1952 3592 2108 3651 L'uc.
2190 3611 2284 3652 12:
2367 3594 2462 3651 18.

1430 3674 1767 3747 Quomodo
1794 3685 2209 3748 enascantur,
2236 3674 2469 3737 Matth-

1439 3763 1534 3821 13:
1573 3762 1674 3839 59.
1742 3758 1918 3819 Vitia
1962 3781 2191 3840 magno
2238 3763 2466 3838 colun-

1432 3853 1585 3917 tur,
1642 3844 1793 3901 Luc.
1845 3847 1938 3904 15:
1975 3858 2071 3914 14.
2159 3844 2233 3903 111
2281 3866 2469 3924 prae-

1435 3948 1582 4007 ceps
1630 3927 1907 4004 ducunt,
1959 3927 2189 3989 Matth.
2217 3932 2315 3989 28:
2355 3934 2466 4004 15,

1436 4011 1634 4092 Apoc.
1689 4016 1749 4074 3:
1803 4032 1862 4073 2.
1948 4014 2276 4085 Quaenam
2342 4012 2467 4071 hu-

1433 4117 1624 4156 mana
1685 4117 1806 4175 ope
1850 4096 2239 4156 incurabilia
2286 4098 2419 4158 sint
2447 4144 2464 4173 ,

1436 4186 1580 4241 Act.
1622 4194 1742 4251 θ141
1814 4184 1879 4242 8.
1999 4181 2177 4240 Vitia
2240 4182 2465 4262 sugere

1435 4267 1613 4346 prius
1683 4276 1831 4342 est,
1898 4268 2184 4347 sequitur
2246 4268 2473 4328 addis-

1437 4372 1581 4411 cere
1648 4350 1971 4426 virtutes,
2042 4351 2187 4412 Act.
2259 4373 2333 4412 2:
2367 4367 2469 4427 47.

2370 4519 2473 4579 lo·
