2779 5085
1201 210 1735 308 luni-:x

277 406 282 413 ’
360 407 590 469 ..vido
628 405 916 469 Arabica
954 402 1231 483 Vei-sio,
1266 405 1447 466 Lati·
1520 401 1820 479 gentibus
1842 446 1866 480 ,
1920 409 1987 462 et
2036 423 2195 483 quas
2260 406 2343 468 ob
2405 429 2563 471 can-

363 526 386 531 ss·
413 515 502 554 na
547 492 818 567 versio,
863 499 1028 551 caet.

1523 505 1626 545 sas
1690 489 1979 547 solemne
2034 491 2276 569 suerit,
2324 489 2558 556 Matth-

363 580 614 640 -verum
652 597 768 657 pro
793 595 879 635 eo
911 573 1085 656 quod
1119 572 1262 634 fieri
1291 594 1447 633 con·
1524 569 1624 631 263
1669 571 1774 632 65.
2382 642 2391 649 κ
2548 647 2557 657 ,

368 696 378 707 ,
416 662 640 736 venit,
715 660 874 721 Lim.
943 677 1036 721 12:
1101 660 1208 737 57.
1299 659 1448 717 Dici
1486 651 1695 713 Vestis
1717 656 2055 736 nuptialis,
2077 658 2312 720 Matth.
2334 679 2433 722 223
2462 680 2565 726 11.

369 794 378 803 .
417 748 583 806 solet
630 766 746 825 pro
787 766 901 821 eo,
957 742 1130 823 quod
1170 742 1240 801 in
1286 764 1447 802 uno·
1527 737 1737 799 Vestis
1805 742 2091 801 exterior
2173 744 2558 806 ludaeorum

413 850 662 913 quoque
688 848 921 909 genere
945 828 1217 900 eminet,
1254 847 1276 887 1
1309 826 1450 889 loh.

415 934 475 976 23
525 920 604 988 8,
671 917 871 993 ΛῬοο.
918 915 976 974 3:
1023 931 1086 991 7.
1159 912 1294 1000 δΑιιΑ
1351 912 1448 971 di-

413 999 685 1059 cendum
734 999 822 1057 sit
868 997 1075 1058 solum
1125 1015 1267 1055 cum
1335 1016 1436 1055 ex-

411 1084 636 1167 pedit,
689 1081 849 1143 Luc.
896 1093 997 1151 243
1043 1082 1146 1140 28.
1207 1079 1445 1141 Verum

409 1170 521 1248 qui
566 1166 801 1246 docet,
853 1165 1040 1225 fidem
1079 1173 1143 1224 et
1167 1165 1446 1243 gratiam

405 1260 701 1314 meretur
726 1296 746 1327 ,
793 1248 935 1310 loh.
970 1248 1029 1308 83
1057 1262 1160 1319 4ο.
1209 1247 1445 1307 Verum

371 1338 696 1396 ·salutare
779 1331 1074 1414 profiteri
1151 1340 1447 1392 tenemur

409 1418 625 1498 rogati
669 1417 862 1478 etiam
912 1435 1053 1475 cum
1114 1416 1446 1496 periculo,

372 1503 576 1564 ·an.
640 1515 743 1573 24:
811 1504 937 1578 28,
1006 1500 1157 1579 Act.
1225 1514 1287 1571 43
1350 1517 1451 1559 20.

416 1586 660 1651 Levius
727 1594 838 1645 est,
882 1583 1050 1644 illud
1102 1583 1449 1665 ignorare,

374 1698 384 1709 ·
412 1691 602 1754 quam
627 1670 889 1750 cognito
921 1688 1056 1728 non
1080 1668 1174 1728 uti
1197 1711 1218 1744 ,
1246 1668 1451 1749 Apoc.

417 1762 478 1820 3:
514 1758 612 1816 15.
671 1753 906 1814 Verum
943 1752 1306 1833 patefacere
1339 1752 1450 1832 qui

374 1849 672 1902 ·tenetnr
695 1882 717 1915 ‚
761 1838 985 1899 verbis
1049 1836 1146 1897 nti
1191 1845 1452 1897 tenetur

413 1925 645 2004 quibus
690 1921 862 1982 illud
905 1921 1323 2002 intelligibile
1365 1922 1452 1980 sit

413 2017 525 2067 aut
570 2027 707 2068 esse
735 2014 990 2087 speret,
1040 2004 1196 2066 Luc.
1220 2019 1321 2077 243
1351 2007 1453 2066 28.

414 2091 572 2152 Veri
636 2090 849 2151 oratio
909 2089 1189 2170 simplex
1234 2099 1300 2151 et
1344 2089 1448 2149 in·-

379 2204 390 2223 -·
410 2177 632 2239 fucata
708 2184 852 2250 est,
938 2174 1097 2233 Luc.
1173 2192 1275 2235 213
1353 2175 1451 2234 15.

411 2260 589 2321 Vera
632 2259 969 2340 praedicta
1015 2278 1202 2337 saepe
1255 2277 1452 2340 pepe-

389 2353 643 2408 ·rerunt
666 2342 1024 2425 pericnlum
1041 2386 1062 2419 ,
1095 2342 1240 2402 Act.
1262 2342 1324 2403 63
1355 2355 1450 2412 14.

411 2429 590 2490 Vera
645 2435 966 2489 vocantur
1028 2446 1136 2487 res
1194 2427 1451 2507 praeci-

412 2535 577 2597 puae
644 2532 915 2594 quarum
994 2531 1099 2572 res
1164 2511 1448 2571 minores

380 2602 660 2679 -figurae
723 2604 912 2671 sunt,
987 2593 1188 2653 Hebr.
1253 2597 1314 2656 83
1383 2611 1449 2653 2.

383 2682 622 2748 -Verus
664 2701 783 2759 pro
823 2679 952 2738 fide
988 2677 1257 2758 dignus,
1301 2675 1447 2739 Ioh.

381 2781 517 2830 ’213
571 2776 670 2834 24.

1521 834 1795 901 quatuor
1839 827 2176 887 constabat
2226 831 2554 909 partibus,

1523 906 1664 967 1011.
1707 928 1801 989 ¹9²
1845 913 1949 970 23.
2016 910 2202 972 Veste
2241 914 2384 993 plus
2425 934 2559 976 una

1526 992 1618 1049 uti
1646 1012 1776 1053 non
1804 1003 2101 1054 vetamur
2121 1040 2141 1071 ,
2196 996 2348 1055 Luc.
2372 999 2432 1058 3:
2458 1019 2557 1060 ιι.

1526 1075 1746 1135 Vestes
1781 1077 2104 1157 fulgentes
2142 1081 2392 1161 signum
2437 1080 2559 1142 ho-

1521 1160 1701 1219 noris
1725 1162 2021 1221 coelestis
2043 1206 2071 1238 ,,
2110 1165 2342 1224 Matth.
2367 1170 2469 1229 283
2497 1171 2559 1229 3.

1522 1244 1750 1304 Vestes
1818 1246 2053 1326 Regum
2095 1250 2358 1310 odorari
2400 1251 2559 1327 poli-

1520 1336 1671 1403 tae,
1738 1327 2038 1411 10h·.¹9=
2106 1336 2209 1412 39.
2332 1334 2555 1426 Vestes
2610 1384 2623 1390 -

1523 1421 1863 1493 antequam
1933 1426 2207 1494 pereunt
2266 1427 2560 1479 veteras-

1523 1505 1717 1570 cunt,
1762 1494 1962 1558 Hebr.
1994 1518 2045 1561 13
2083 1519 2177 1559 ιο.
2245 1502 2373 1583 Ubi
2415 1503 2557 1562 usui

1524 1582 1798 1660 amplius
1844 1600 1999 1664 ‘non
2062 1593 2256 1661 sunt,
2343 1588 2561 1647 solent

1523 1665 1900 1745 complicari
1958 1677 2025 1727 et
2088 1669 2332 1744 abiici,
2398 1671 2560 1732 ibid.
2678 1662 2683 1670 ⁶

1523 1747 1750 1809 Vestes
1801 1771 1948 1810 suas
1995 1752 2297 1813 Pontifex
2346 1756 2562 1815 Maxi-

1521 1854 1663 1893 mus
1728 1837 1899 1915 apud
1960 1836 2233 1898 ludaeos
2293 1841 2373 1898 ab
2428 1840 2563 1900 ima

1524 1926 1709 1998 parte
1772 1921 2155 1997 scindebat,
2218 1933 2283 1984 et
2344 1923 2459 1983 alii
2515 1945 2558 1983 a

1522 2004 2252 2150 31⁰e¹222¹⁸s2003¹532¹102
2272 2008 2564 2173 ’3ηεῖῗὲ

1522 2191 1606 2232 ne
1667 2170 2017 2252 adspersas
2063 2174 2264 2235 fuisse
2288 2219 2309 2251 ,
2362 2176 2562 2236 Hebr-

1521 2276 1581 2336 9:
1612 2274 1716 2317 21.
1757 2255 2063 2318 Vestibus
2100 2268 2371 2320 utuntur
2406 2262 2559 2320 aliis

1520 2340 1665 2405 iter·
1734 2340 2048 2402 facientes
2129 2343 2202 2400 in
2270 2344 2561 2420 itinere,

1523 2424 1673 2482 aliis
1719 2425 1829 2484 ubi
1886 2425 1955 2483 in
2002 2425 2226 2485 urbem
2274 2428 2564 2505 aliquam

1519 2506 1957 2583 advenerint,
2065 2509 2271 2570 Marc.
2343 2511 2405 2572 63
2492 2532 2563 2593 9.

1518 2589 1749 2651 Vestes
1790 2593 2249 2654 substernendi
2287 2592 2421 2655 mos
2447 2596 2563 2656 Iu-

1519 2673 1697 2736 daeis
1743 2684 1810 2737 et
1850 2676 1997 2737 aliis
2032 2678 2335 2758 gentibus
2370 2701 2562 2742 usur-

1520 2765 1709 2838 patus
1736 2803 1757 2838 ‚
1804 2760 2036 2821 Matth.
2077 2781 2177 2823 213
2229 2765 2299 2822 8.,

368 2846 807 2927 Vespasianus
863 2847 981 2905 cuir
1039 2843 1446 2905 obsidionem
1477 2842 1727 2903 Vestiri
1790 2845 1946 2925 pilis
2005 2846 2076 2905 in
2144 2846 2327 2907 luctu
2387 2848 2561 2929 apud

413 2929 1019 3009 Hierosolymorum
1063 2927 1448 3015 differebat,
1524 2927 1857 2991 Hebraeos
1907 2930 2213 2991 usitatum
2238 2976 2259 3009 ,
2324 2933 2560 2995 Matth-

386 3015 652 3086 ·Matth·.
696 3027 799 3085 24:
849 3031 969 3088 22,
1018 3014 1221 3094 Apoc.
1259 3026 1451 3094 9:14.
1522 3016 1581 3075 3:
1629 3025 1693 3084 4.

299 3105 302 3110 ’
386 3091 657 3161 -Urbem
702 3107 771 3160 et
810 3098 1205 3180 Capitolium
1256 3097 1451 3159 resti·
1481 3095 1681 3157 Vetus
1724 3106 1802 3158 et·
1830 3096 2045 3158 Senex
2096 3098 2303 3159 vicini
2351 3098 2559 3179 signi-

382 3186 578 3262 -tuit,
647 3187 851 3265 Apoc.
918 3186 1015 3245 133
1065 3167 1170 3244 30⁸
1215 3180 1452 3244 Edicta
1521 3181 1752 3241 ficatus
1802 3190 1996 3257 sunt,
2045 3181 2247 3243 Hebr.
2295 3203 2388 3243 11:
2439 3204 2500 3244 2.

391 3280 643 3332 ⁴vetera
725 3275 957 3327 contra

1039 3265 1450 3327 Christianos
1480 3265 1787 3325 Veterum
1861 3267 2212 3346 figurarum
2276 3269 2563 3344 comple-

391 3353 721 3427 ·snstulit,
790 3350 1209 3412 Domitianus
1256 3350 1451 3411 resti-
1521 3358 1784 3426 menta,
1850 3349 2084 3411 Matth.
2123 3365 2185 3422 43
2233 3371 2294 3414 2.
2383 3351 2555 3412 Vide

414 3439 588 3513 tuit,
660 3435 862 3514 Apoc.
929 3449 981 3497 13
1030 3455 1115 3515 9,
1187 3454 1281 3512 173
1354 3452 1451 3493 10.
1524 3433 1900 3514 Figuratum
1944 3445 2237 3497 veterum
2270 3437 2559 3518 comple-

387 3521 576 3585 ·Eius
627 3539 790 3580 aevo
832 3517 1090 3579 vixisse
1138 3517 1449 3597 quosdam
1525 3528 1765 3578 menta.
2336 3539 2344 3555 ¹

399 3606 525 3687 qui
615 3605 959 3665 Gaesarem
1039 3595 1451 3665 Dictatorem
1480 3601 1739 3663 Vexare
1775 3601 1931 3684 quid
1984 3599 2350 3685 significet,
2398 3605 2558 3666 Luc.

412 3690 765 3763 viderant,
811 3703 850 3748 2
892 3687 1068 3751 Petr.
1120 3706 1172 3751 13
1225 3689 1326 3749 18.

1524 3688 1584 3747 63
1640 3689 1736 3746 18.

373 3775 659 3857 Vespera
697 3771 1008 3833 Hebraeis
1047 3771 1290 3837 dicitnr
1315 3791 1448 3831 om·
1478 3771 1761 3832 Vexatio
1817 3769 2038 3852 gravis
2067 3814 2087 3845 ,
2133 3772 2338 3832 aestui
2385 3794 2563 3832 com·

387 3882 499 3921 .ne
564 3856 1081 3943 pomeridianum
1153 3865 1449 3937 tempus,
1520 3864 1828 3936 paratur,
1877 3854 2109 3918 Matth.
2160 3861 2255 3918 13:
2304 3856 2365 3916 6.
2426 3856 2560 3916 Ve-

379 3969 396 3990 ··
417 3943 578 4007 Luc.
620 3956 722 4014 24:
766 3961 867 4021 29.
930 3940 1258 4021 vesperae
1284 3940 1449 4000 duae
1524 3940 1824 4000 xationes
1889 3951 2212 4019 nunquam
2278 3941 2560 4000 deerunt

421 4027 589 4108 apud
623 4025 951 4088 Hebraeos
981 4025 1299 4106 quomodo
1342 4043 1449 4083 sc·
1521 4025 1897 4084 secundum,
1942 4023 2273 4086 Christum
2327 4025 2556 4085 vivere
2600 4023 2605 4030 ’

420 4113 747 4188 cipiantur
771 4155 791 4186 ‚

883 4110 1114 4188 Manli.
1185 4122 1281 4180 143
1353 4110 1447 4168 15.
1521 4109 1936 4184 volentibus,
1989 4128 2012 4168 1
2065 4110 2216 4169 Cor.
2263 4128 2321 4186 73
2372 4108 2472 4169 26.

415 4180 745 4273 Vesper-ae
813 4194 976 4256 duae
1051 4196 1226 4255 inter
1292 4211 1445 4271 quas
1480 4192 1812 4254 Vexillum
1915 4193 2168 4274 imperii
2256 4194 2558 4272 signum,

413 4277 814 4343 mactabatur
843 4299 1039 4358 agnus
1069 4275 1442 4351 Paschalis,
1524 4277 1709 4339 Rom.
1754 4282 1847 4342 15:
1904 4297 2001 4337 12.
2346 4291 2349 4296 ’

415 4361 650 4428 Mauh.
698 4362 793 4425 263
851 4381 912 4426 2.

1492 4362 1641 4437 Via,
1676 4374 1950 4423 vocatur
1992 4360 2306 4425 Doctrina
2328 4341 2556 4421 ¹Euan·
2649 4383 2653 4390 ’

373 4445 1200 4519 vestimenta-ualacerare
1222 4447 1440 4531 quibua
1522 4448 1768 4529 gelica,
1833 4466 1873 4508 2
1933 4447 2106 4534 Petr.
2171 4468 2230 4511 23
2290 4467 2350 4508 2.
2435 4446 2560 4505 Via

2350 4530 2568 4594 Euan·-
