2779 5085
667 140 1056 255 uenum
1145 212 1242 253 n
1329 164 1988 256 vssnsoaou.

2303 219 2437 299 ³³5.

247 352 584 417 Succincti
655 361 846 411 erant
916 351 1186 415 Levitae
1254 359 1319 413 et
1393 350 1671 410 verioiis
1693 352 2428 434 castigationis,Matth.

293 437 544 516 Popae,
595 436 926 497 Rom-12·
986 456 1078 497 ιι.

1295 446 1298 455 ’
1397 456 1452 511 7:
1483 440 1544 495 5.
1591 435 1762 496 Fsse
1789 437 2205 499 inhumanum
2230 441 2421 523 quid,

251 522 547 582 Succisio
610 520 817 601 qualis
887 541 1090 600 poena
1152 521 1320 600 apud
1397 519 1770 581 Mauh.11:
1826 541 1923 581 21.

291 607 603 681 Iudaeos,
651 605 793 664 1011.
838 606 896 665 8.
945 608 1008 666 5.

1356 605 1637 683 Superbi
1705 613 1771 663 et
1836 606 2255 685 imputator-es
2326 609 2427 670 di·-

246 691 594 752 Sudarium
627 692 1057 749 velamentum
1089 684 1317 767 capitis
1398 698 1628 747 cuntur
1671 688 1777 768 qui
1828 693 2040 770 magni
2085 695 2426 752 aestimant

288 784 686 835 mortuorum
731 783 1046 849 vocatur,
1093 771 1319 833 Matth.
1397 794 1510 832 sua
1574 773 1934 850 beneficia,
2005 773 2165 835 Luc.
2223 798 2313 857 17:
2366 798 2429 857 7.

292 880 389 937 27:
452 862 573 938 59,
639 856 780 919 Ioh.
840 878 934 919 ιι.
983 870 1089 928 44.
1174 857 1317 915 Vox
1398 858 1706 935 Superbis
1754 860 1922 917 Deus
1964 861 2244 936 resistit,
2307 860 2429 920 hu-

285 946 627 1004 multarum
663 944 1032 1023 linguarum
1068 962 1154 1001 ex
1189 941 1316 1000 ori-
1396 942 1651 1001 milibus
1690 943 1799 1001 dat
1828 944 2134 1026 gratiam,
2184 966 2207 1006 1
2253 946 2427 1009 Petr.

289 1030 438 1109 gine
487 1026 764 1102 Latina,
809 1026 971 1085 ibid.

1396 1030 1454 1086 5.
1505 1029 1567 1086 5.

242 1113 459 1174 Sudor
494 1133 683 1171 verus
719 1111 847 1170 fuit
879 1110 992 1171 sed
1026 1129 1313 1178 crassus,
1354 1108 1718 1190 Supercilia
1804 1132 1923 1193 pro
2008 1112 2427 1194 eminentiis,

285 1199 393 1276 qui
476 1196 807 1255 emanavit
886 1196 962 1255 de
1046 1213 1315 1275 corpore
1391 1209 1450 1264 4.
1503 1213 1603 1273 29.

289 1281 573 1355 Christi,
626 1280 778 1338 Luc.
823 1299 919 1341 22:
965 1295 1069 1351 44.

1351 1276 1879 1358 Superindictum
1942 1277 2100 1358 quid
2155 1280 2227 1340 in
2284 1280 2426 1347 iure
2529 1310 2533 1319 ·

242 1365 516 1428 Suffetes
553 1365 709 1444 quid
745 1373 809 1423 et
853 1366 1021 1426 unde
1059 1362 1312 1438 dictus,
1392 1372 1703 1438 vocetur,
1750 1360 1981 1422 Matth.
2029 1383 2127 1443 27:
2179 1370 2280 1443 57.
2382 1412 2392 1437 s

288 1448 515 1511 Mauh.
556 1452 616 1510 5:
666 1466 767 1510 22.

1319 1466 1320 1469 ’
1350 1446 1738 1526 Superstitio
1768 1446 1836 1505 in
1867 1447 2043 1526 peius
2072 1450 2426 1529 procedere

240 1535 579 1597 Suffituum
653 1552 878 1592 sensus
957 1530 1313 1612 mysticus,
1392 1532 1595 1608 solet,
1645 1531 1847 1591 Marc.
1893 1551 1951 1610 7:
2001 1534 2061 1591 8.

288 1619 574 1683 Luc.,1:
649 1621 769 1694 15,

290 1701 489 1762 Hebr.
533 1724 591 1782 9.
639 1715 703 1772 4.

240 1785 573 1849 Suffocata
618 1787 686 1845 in
733 1783 1041 1865 sanguine
1085 1774 1313 1842 Graeci
1389 1784 1488 1845 25:
1540 1804 1601 1860 7.

841 1618 987 1678 Act.
1060 1634 1155 1677 10:
1225 1629 1312 1691 4,
1350 1612 1749 1695 Supplicium
1799 1622 1896 1673 est
1944 1615 2026 1672 ad
2067 1617 2255 1701 pedes
2302 1616 2450 1677 ali-.

1389 1702 1571 1758 cuius
1652 1697 2120 1779 procumbere,
2193 1702 2426 1763 Matth.

1687 1783 2087 1865 Supplicium
2129 1796 2425 1849 exactum

281 1881 352 1932 et
397 1872 562 1930 aliae
612 1879 831 1950 gentes
882 1868 1203 1927 habebant
1246 1868 1314 1926 in
1393 1891 1428 1927 a
1474 1868 1773 1931 Romanis
1800 1868 2278 1948 Magistratibus
2310 1891 2426 1951 per

197 1976 204 1981 ’
284 1955 584 2030 deliciis,
628 1956 770 2013 Act.
812 1957 904 2013 15:
941 1974 1040 2012 2ο.
1107 1951 1312 2012 Suffo

284 2041 446 2100 catis
474 2042 544 2097 in
572 2039 922 2119 sanguine,
952 2036 1313 2098 morticinis

283 2136 346 2184 et
387 2124 527 2182 sera
570 2125 780 2182 adesis
831 2143 945 2180 cur
982 2121 1312 2181 abstinen-

286 2210 434 2267 dum
521 2207 964 2266 iudicaverint
1045 2205 1311 2267 Veteres

284 2293 679 2365 Christiani,
725 2290 886 2349 ibid.

241 2379 630 2458 Suggestus,
682 2375 913 2437 Matth.
961 2386 1058 2443 24:
1113 2377 1211 2436 15.

239 2462 474 2524 Suidas
533 2461 951 2537 emendatus,
1001 2459 1203 2520 Marc.
1247 2482 1307 2541 9:

239 2634 451 2694 Suilla
472 2651 656 2711 quam
687 2628 911 2707 sapida
937 2628 1050 2704 sit,
1085 2628 1311 2689 Matth.

280 2739 339 2795 7:
386 2720 487 2777 51.
559 2715 689 2774 Οιιι·
733 2724 946 2773 tamen
990 2715 1310 2773 intel-dica

279 2800 476 2862 fuerit
525 2800 821 2871 Iudaeis,
867 2798 1031 2856 ibid.
1098 2798 1309 2857 lnter·

282 2887 522 2947 dictam
607 2883 808 2942 fuisse
897 2883 1036 2961 lege
1114 2883 1309 2942 Mosis

278 2972 470 3031 etiam
536 2969 799 3028 Graecis
849 2974 912 3024 et
963 2965 1309 3041 Romanis,

279 3064 499 3112 notum
546 3064 726 3126 erat,
774 3050 936 3108 ibid.

239 3138 525 3219 Sulphur
575 3159 686 3215 pro
731 3134 999 3194 fulmine
1046 3133 1309 3192 Graecis

281 3232 696 3303 usurpatum,
749 3220 903 3281 Luc.
958 3238 1047 3291 17:
1103 3239 1200 3297 29.

239 3309 343 3368 Su
337 3330 495 3366 uma
561 3327 790 3386 magua
852 3303 1008 3384 quid
1054 3303 1311 3362 dicatur

285 3390 637 3488 Hebraeis,
690 3389 870 3452 Rom.
922 3393 1016 3449 15;
1065 3409 1126 3469 9.

237 3476 559 3537 Summum
605 3475 704 3533 ius
747 3494 990 3534 summa
1030 3471 1308 3548 iniuria,

283 3560 512 3621 Matth.
560 3579 654 3620 12:
702 3562 763 3619 5.

238 3644 556 3722 Superbia
641 3645 866 3724 ingens
941 3642 1176 3701 vitium
1246 3648 1331 3708 et.

281 3731 458 3789 circa
500 3728 718 3808 qualia
762 3725 1080 3802 maxime,
1129 3709 1332 3786 Rom-1

284 3835 379 3874 11:
442 3831 542 3872 20.
629 3812 943 3891 Superbia
1009 3772 1332 3891 agnatuml

280 3897 625 3959 Nobilitati
694 3898 967 3971 malum,
1022 3896 1198 3956 Rom.
1253 3876 1331 3990 ιιξ

491 3984 630 4042 Deo
704 4002 902 4040 exosa
968 3990 1035 4039 et
1101 3979 1329 4038 omnis·

279 3988 383 4045 5ο.

1393 1952 1626 2010 milites
1690 1950 1884 2012 etiam
1935 1963 2120 2013 extra
2166 1964 2424 2032 castra,

1392 2037 1622 2097 Matth.
1682 2056 1780 2113 27.
1832 2040 1933 2097 51.
2019 2028 2425 2127 Supplicium
2484 2074 2492 2087 ·

1388 2121 1576 2202 quale
1618 2120 1920 2181 Romanis
1953 2121 2255 2203 legibus
2232 2143 2428 2204 Jgno-

1389 2216 1557 2286 tum,
1597 2207 1798 2285 Apoc.
1831 2227 1886 2267 2:
1936 2211 2031 2269 15.
2097 2206 2472 2287 Suppliciix

1386 2312 1579 2350 causa
1626 2290 1935 2370 brevibus
1983 2290 2206 2350 verbis
2249 2292 2427 2351 indi-

1388 2377 1527 2436 cari
1631 2376 1883 2435 solebat
1970 2376 2209 2453 scripto
2315 2385 2427 2435 aut

1388 2461 1725 2539 praeconis
1775 2480 1977 2536 voce,
2042 2459 2270 2529 Matth.
2320 2480 2419 2534 27:

1388 2552 1492 2623 57.
1538 2545 1852 2625 Supplicii
1882 2545 2250 2606 tarditatem
2280 2568 2425 2628 gra·
2478 2538 2489 2541 ι

1387 2631 1593 2690 vitate
1667 2639 2044 2710 compensat
2111 2632 2335 2709 Deus,

1388 2715 1620 2774 Matth.
1693 2719 1790 2776 23:
1864 2718 1966 2776 52.
2084 2714 2420 2796 Supplicio

1385 2800 1560 2878 quali
1624 2796 1819 2878 Reges
1882 2799 2035 2857 olim
2081 2800 2153 2859 in
2202 2811 2419 2859 sontes

1388 2884 1533 2957 usi,
1606 2883 1753 2941 Act.
1832 2903 1921 2943 12:
1997 2904 2055 2943 2.
2157 2884 2424 2963 Suppli·-

1389 2967 1492 3024 cio
1538 2966 2030 3042 praeficiebatur
2074 2967 2419 3044 Centurm,

1388 3048 1624 3109 Matth.
1667 3050 1765 3109 26:
1812 3052 1914 3118 54.
1969 3049 2169 3109 Marc.
2211 3053 2268 3111 6:
2319 3072 2419 3128 27.

1389 3134 1722 3212 Supplicia
1768 3131 2192 3212 exigebantur
2234 3156 2270 3193 a
2314 3136 2423 3193 lu-

1392 3220 1565 3298 daeis
1607 3227 1671 3276 et
1717 3217 2018 3276 Romanis
2061 3238 2243 3296 quam
2288 3239 2423 3276 ma-

1384 3305 1564 3363 ximo
1590 3303 1805 3383 populi
1828 3313 2174 3375 conventu,
2194 3301 2422 3364 Matth-

1388 3408 1488 3460 27:
1537 3390 1640 3448 38.
1706 3386 1912 3448 Extra
1955 3388 2220 3462 urbem,
2262 3388 2420 3447 ibid.

1388 3477 1508 3546 32,
1557 3471 1698 3532 Ioh.
1749 3492 1841 3552 19:
1892 3490 1992 3530 2ο.
2083 3473 2422 3571 Supplicia.

1388 3567 1653 3638 aeterna
1737 3577 2037 3617 sensuros
2119 3577 2417 3616 irrisores

1393 3642 1511 3700 Dei
1555 3651 1619 3701 et
1665 3641 1867 3721 legis,
1917 3642 2115 3719 Apoc.
2173 3659 2271 3700 20:
2326 3660 2420 3701 ιο.

1391 3726 1724 3805 Supplicia
1770 3726 2023 3785 decreta
2051 3723 2420 3803 hypocritis
2494 3763 2501 3770 ·

1385 3820 1450 3870 et
1487 3809 1857 3869 infidelibus
1884 3853 1899 3882 ,
1930 3808 2158 3876 Manli.
2187 3809 2285 3868 26:
2316 3812 2422 3870 51.

1386 3895 1735 3973 Impiorum
1780 3894 2169 3972 cuiusmodi,

278 4067 521 4147 peccati
566 4067 867 4138 initium,
916 4065 1074 4124 Luc.
1121 4067 1309 4124 1:51.
1384 4075 1591 4124 terum
1631 4062 2026 4131 sententiae,
2060 4062 2286 4123 Mauh
2318 4067 2415 4138 25

277 4153 594 4232 Superbia
659 4150 1089 4210 Romanorum
1133 4148 1301 4207 into·
1383 4150 1490 4221 46.
1546 4147 2155 4227 Supplicialudaeis
2184 4150 2420 4208 usitata

277 4237 569 4296 lerabilis
614 4238 815 4306 olum,
869 4234 1053 4294 Rom.
1109 4252 1158 4292 1.
1204 4237 1306 4295 50.
1381 4254 1735 4315 quaenam,
1775 4231 2005 4293 Mauh.
2041 4236 2130 4293 18:
2161 4233 2239 4306 6,
2279 4233 2420 4292 Gal.

277 4322 627 4399 Supetbiae
720 4320 1059 4394 definitio,
1147 4317 1304 4376 ibid.
1385 4325 1443 4381 3:
1500 4323 1592 4380 15.
1661 4321 1763 4380 Αιι
1808 4317 2108 4378 Sabbatis
2152 4339 2232 4377 ex.
2275 4318 2413 4397 lege

275 4407 649 4487 Superbi-‘nn
712 4427 847 4466 esse
899 4423 1156 4465 causam
1204 4424 1302 4462 se·
1380 4403 1945 4482 exigiipotuerint,
1974 4402 2203 4486 Matth.
2236 4402 2331 4459 26;
2339 4363 2418 4459 ⁰5.

1504 4489 1549 4547 P
1573 4503 1615 4558 4
2261 4485 2418 4544 Sui-

2214 3890 2417 3965 deque
2516 3903 2519 3906 ’

1384 3979 1613 4039 horum
1657 3979 1998 4037 duratione
2038 3979 2259 4037 variae
2292 3978 2421 4038 Ve-
2488 4027 2491 4034 ,
