2779 5085
370 230 490 292 186
1198 218 1725 289 INDEX

394 394 549 444 sunt
574 383 737 442 illud
762 380 1064 462 perdere,
1091 379 1342 452 Phila„
1369 385 1426 442 3.
1505 381 1789 463 gentium
1813 426 1832 458 ,
1877 403 1960 444 ex
2005 384 2307 446 instituto
2350 391 2556 452 Salo-

397 470 668 547 Semper
744 467 1110 545 eripientur
1184 487 1221 525 a
1288 469 1427 527 Deo
1507 469 1756 542 monis,
1800 467 1944 528 1011.
1996 488 2088 530 22:
2133 491 2236 532 2ο.

389 551 714 619 conumuni
753 551 997 624 exitio,
1042 551 1185 610 Act.
1227 570 1281 611 2:
1329 571 1425 610 21.
1464 552 1709 612 Piiatus
1743 550 1866 611 fuit
1892 552 2284 615 Procurator
2310 558 2554 620 ludae-

390 639 470 700 Iu
501 636 798 719 periculis
826 637 1020 694 aDeo
1047 646 1423 709 servantur,
1506 656 1613 710 ae,
1657 636 1892 699 Matth.
1930 659 2025 712 27:
2065 659 2123 700 2.
2186 638 2551 704 Homo-in·
2634 642 2639 647 ’

391 724 599 801 Apoc.
669 723 763 781 181
825 731 890 791 4.
986 721 1211 781 lncom
1370 721 1423 778 is

388 806 580 867 huius
637 805 785 866 aevi
837 813 1085 864 mature
1132 805 1236 863 exi
1308 824 1421 863 un-

385 901 529 964 tur,
561 892 716 951 Luc.
751 890 841 949 161
868 909 968 950 22.
1016 888 1425 970 Regnabunt,

387 977 502 1036 sed
546 977 660 1035 sub
690 974 951 1034 Christo
992 983 1058 1034 et
1095 994 1210 1054 per
1245 993 1422 1052 eum,

381 1062 573 1121 Rom.
615 1065 672 1119 8:
722 1079 817 1136 17·
903 1057 1053 1120 Non
1092 1066 1425 1117 sectantur

384 1147 630 1206 zelotas
721 1144 1000 1202 humana
1084 1143 1422 1202 commoda

385 1238 705 1290 sectantes
727 1273 746 1304 ‚
777 1227 918 1286 Ioh.
951 1247 1043 1288 10:
1072 1230 1133 1288 8.
1177 1226 1419 1295 Eorum

383 1315 490 1395 qui
558 1334 711 1372 vere
760 1322 909 1370 sunt
955 1312 1047 1392 pii
1096 1311 1202 1392 pia
1243 1311 1419 1371 facta

383 1419 519 1458 non
588 1398 837 1471 latent,
909 1415 934 1456 1
988 1397 1159 1456 Tim.
1205 1399 1264 1456 5:
1319 1399 1421 1457 25.

382 1483 717 1561 Leguntur
742 1480 1032 1541 timuisse
1055 1481 1147 1561 pii
1171 1481 1419 1559 quoties

379 1566 702 1629 videbant
752 1565 1044 1625 visiones
1094 1566 1420 1644 augustio-

377 1673 526 1724 res,
584 1650 812 1711 Matth.
861 1654 958 1711 28:
1008 1653 1074 1712 5.
1157 1649 1415 1709 Piorum

380 1737 567 1797 nulla
593 1745 744 1794 sunt
766 1755 962 1814 opera
978 1735 1056 1795 in
1079 1726 1241 1815 q'uae
1262 1735 1418 1794 fides

376 1842 516 1880 non
578 1818 863 1895 influat,
933 1819 1117 1879 Rom·-
1179 1832 1242 1890 4:
1317 1839 1418 1879 22.

379 1907 642 1965 Pion-um
691 1924 890 1984 opera
933 1905 1078 1964 usai
1123 1924 1264 1965 esse
1308 1905 1418 1963 de-

378 1991 538 2049 bent
565 1989 861 2067 plurimis
885 1989 958 2048 in
977 1989 1248 2063 mund0‚
1274 1988 1419 2048 1011.

382 2094 481 2152 17:
523 2077 618 2134 1'5.
682 2073 918 2133 Eorum
950 2074 1418 2134 consuetudine

378 2159 743 2238 quotidiani
815 2159 1058 2218 caeteri
1080 2172 1100 2197 ‘
1125 2156 1417 2217 homines

379 2245 558 2323 digni
585 2264 715 2301 non
745 2251 892 2302 sunt
914 2286 932 2316 ,
962 2242 1163 2301 Hebr.
1196 2262 1215 2299 1
1237 2262 1286 2300 1:
1318 2245 1417 2303 38.

379 2329 507 2388 Piis
576 2330 796 2401 Deus,
865 2347 1007 2385 cum
1071 2347 1230 2406 opus
1278 2335 1414 2399 est,

376 2414 663 2472 libenter
702 2411 1002 2472 concedit
1034 2420 1414 2490 potestatem

380 2499 753 2579 signorum,
800 2495 942 2558 Ioh.
988 2515 1048 2575 9:
1095 2499 1195 2558 31.
1283 2495 1416 2555 Ad-

375 2604 569 2643 versa
632 2584 713 2639 iis
769 2583 964 2640 etiam
1016 2579 1415 2638 adminiculo

378 2676 529 2726 sunt
561 2667 641 2723 ad
661 2666 1073 2742 incrementa
1096 2664 1412 2724 virtutum

382 2760 449 2809 et
476 2749 775 2828 praemii,
817 2748 1000 2806 Rom.
1028 2749 1085 2807 8:
1119 2750 1215 2807 28.
1287 2747 1418 2806 Cur

377 2834 632 2914 parcius
676 2832 864 2890 huius
902 2833 1080 2892 vitae
1108 2832 1274 2891 bona
1301 2832 1412 2890 ob·

376 2919 674 2998 tingant,
721 2916 951 2977 Matth.
988 2917 1048 2977 6:
1094 2919 1195 2979 33.
1268 2917 1416 2976 Pios

379 3003 562 3081 impii
649 3003 866 3062 solent
940 3002 1270 3082 exsecrari
1354 3008 1418 3059 et

379 3088 746 3147 maledictis
810 3086 1170 3163 impetere,
1234 3085 1418 3145 Rom.

381 3178 441 3234 3:
499 3187 593 3243 14.
667 3172 795 3231 Eos
843 3172 925 3230 ad
969 3171 1415 3250 perpessiones

1505 720 1697 800 genio
1727 721 2112 783 inflexibilis
2138 733 2203 784 et
2226 734 2553 807 arrogan‘-

1500 806 1631 866 tiae
1666 807 2098 887 implacabilis
2122 852 2142 885 ,
2171 811 2361 885 ibid„
2396 813 2549 873 loh.

1509 908 1602 970 19:
1634 904 1735 961 24.
1792 891 2088 952 Crudelis
2111 937 2130 969 ,
2163 894 2322 955 Luc.
2355 901 2446 957 13:
2485 918 2545 959 1.

1507 974 1863 1034 Corbanam
1890 978 2151 1057 spoliat,
2172 979 2331 1039 ibid.
2378 982 2544 1061 Cly-

1501 1080 1654 1138 peos
1686 1058 2121 1121 Romanorum
2151 1062 2544 1146 Hierosoly-

1500 1144 1619 1202 mis
1656 1144 1913 1220 intulit,
1952 1148 2114 1205 ibid.
2160 1149 2379 1228 ⁸Aequi
2414 1151 2543 1210 suit
2596 1217 2613 1229 .

1498 1229 1958 1290 observantior
1986 1241 2051 1290 et
2077 1232 2285 1293 minus
2312 1256 2541 1313 super·
2634 1236 2639 1241 ’

1498 1313 1788 1374 stitiosus
1840 1335 2025 1394 quam
2074 1317 2340 1394 Iudaei,
2389 1319 2533 1388 1011,

1507 1400 1597 1457 18:
1645 1419 1746 1477 29.
1835 1399 1994 1460 Num
2056 1400 2291 1462 iudicis
2353 1425 2535 1465 more

1500 1481 1910 1543 damnaverit
1994 1485 2364 1564 Christum,
2449 1509 2535 1548 an

1501 1566 1839 1627 dumtaxat
1864 1569 2119 1643 Iudaeis
2147 1572 2536 1651 permiserit,

1502 1651 1843 1731 Matth.27:
1862 1653 1962 1715 26.
2007 1656 2085 1716 111
2106 1657 2297 1715 titulo
2323 1658 2535 1718 crucis

1503 1735 1750 1795 Christi
1785 1739 1986 1819 magis
2024 1742 2318 1817 Iudaeis,
2341 1736 2532 1821 quani

1504 1822 1642 1880 lesu
1714 1820 1979 1882 illusum
2047 1826 2306 1904 voluit,
2373 1827 2534 1887 ibid.

1503 1906 1633 1964 Cur
1667 1905 1997 1967 Christum
2029 1906 2341 1989 su'pplicio
2380 1909 2535 1970 affe-

1501 1990 1703 2065 cerit,
1754 1991 1901 2050 Act.
1944 2011 2043 2065 24:
2091 2015 2193 2071 27.
2281 1996 2420 2072 lpse
2466 2017 2533 2056 se

1495 2074 1857 2152 iniquitatis
1887 2077 2172 2151 damnat,
2201 2079 2338 2138 loh.
2362 2101 2451 2159 19:
2472 2093 2534 2151 4.

1495 2159 1693 2218 Pilati
1753 2163 1993 2220 annulo
2055 2164 2344 2222 creditur
2394 2186 2536 2223 mo·-

1493 2254 1867 2301 numentum
1917 2246 2164 2306 Christi
2208 2248 2532 2327 signatum

1491 2326 1730 2401 fuisse,
1777 2328 2006 2388 Matth.
2055 2351 2149 2404 27:
2201 2332 2302 2390 66.
2373 2332 2532 2392 Eius

1490 2412 1860 2471 reverentia
1907 2412 2143 2474 Herodi
2190 2413 2416 2472 habita
2457 2418 2531 2477 in

1495 2515 1688 2554 causa
1746 2496 2046 2572 Domini,
2112 2498 2271 2557 Luc.
2320 2502 2418 2561 23:
2469 2521 2534 2576 7·

1494 2580 1648 2638 Eius
1712 2581 2032 2641 ‘tribunal
2116 2592 2259 2641 erat
2341 2594 2539 2646 extra.

1496 2664 1883 2739 praetorium
1913 2713 1930 2741 ‚
1997 2666 2223 2725 Matth.
2264 2675 2372 2742 ’271
2427 2674 2530 2731 25.

1494 2749 1683 2807 Eius.
1739 2768 1902 2809 uxor
1983 2754 2243 2813 videtur
2326 2753 2532 2815 fuisse

1446 2895 1451 2904 ,
1495 2829 1816 2916 θεοσεβῆ-ς,
1861 2836 2022 2900 ibid.
2074 2858 2170 2915 ¹9·
2249 2837 2529 2899 Pilatum

1495 2939 1531 2976 a
1592 2919 1858 2979 crimine
1907 2923 2374 2981 condemnatae
2421 2923 2531 2983 in·-

1495 3005 1835 3062 nocentiae
1895 3005 2178 3066 liberare
2235 3027 2369 3064 non
2414 3029 2533 3084 po-

1493 3089 1618 3145 tuit
1643 3089 1986 3188 seditiosus
2014 3085 2228 3170 populi
2255 3091 2526 3168 clamor,

1493 3172 1664 3235 ibid..
1703 3186 1801 3242 24.

378 3260 551 3317 Deus
577 3257 834 3335 quando
861 3276 1098 3315 vocare
1125 3255 1415 3331 dicatur,
1450 3257 1578 3315 Pili
1622 3256 1865 3315 mentio
1901 3257 2056 3331 quid
2098 3259 2367 3340 figurate
2411 3257 2529 3316 de-

378 3343 565 3402 Rom.
592 3339 784 3401 8530.
811 3339 1248 3419 Peregrinari
1281 3340 1415 3418 pios
1493 3349 1711 3411 notet,
1757 3341 1985 3410 Matth.
2022 3343 2235 3413 5:36,
2289 3361 2381 3401 10:
2422 3347 2528 3404 30.

376 3427 464 3503 in·
497 3426 599 3485 his
644 3425 837 3484 terris
860 3472 879 3504 ,
930 3424 1130 3483 Hebr.
1174 3443 1267 3483 11:
1321 3428 1415 3484 13.
1449 3424 1739 3484 Platonis
1767 3427 1991 3503 opinio
2015 3428 2190 3485 circa
2208 3427 2523 3487 bonorum

381 3511 586 3571 Extra
612 3509 1082 3587 professionem
1103 3508 1413 3568 Iudaismi
1493 3509 1981 3584 definitionem,
2056 3531 2079 3570 1
2135 3513 2306 3571 Tim.
2353 3511 2413 3572 61
2463 3527 2530 3583 4.

380 3597 533 3656 olim
577 3593 821 3669 fuisse,
884 3585 1115 3655 Matth.
1169 3596 1261 3653 15:
1314 3611 1416 3651 22.
1491 3594 1826 3653 Platonem
1903 3596 2256 3656 credidisse
2331 3597 2522 3656 aliam

379 3682 658 3742 Mortem
723 3700 857 3740 non
912 3698 1209 3739 sensuros
1255 3697 1415 3755 quos
1492 3687 1636 3758 post
1654 3677 1824 3737 hanc
1849 3678 2074 3751 vitam,
2102 3680 2525 3741 Matth.5:2o.

378 3764 724 3844 occupabit
772 3763 1000 3824 iudicii
1048 3762 1227 3835 dies,
1276 3762 1416 3822 loh.
1491 3763 1871 3822 Animorum
1925 3765 2468 3826 immortalitatem
2496 3809 2519 3843 ,

378 3854 615 3913 21:23.
673 3849 828 3909 Post
852 3858 1122 3910 mortem
1151 3847 1413 3921 vivere,
1488 3846 1650 3906 ibid.
1740 3846 1890 3906 Eius
1963 3849 2344 3931 Respublica
2400 3849 2523 3907 du·-

382 3936 530 4013 quia
548 3943 613 3993 et
632 3935 1007 4015 loquuntur,
1028 3933 1415 4001 Hebr.11:4.
1492 3931 1643 4010 plex
1666 3975 1683 4007 ,
1730 3932 1893 3991 ibid.

380 4019 461 4080 In
530 4019 664 4078 Piis
734 4020 904 4079 Deus
978 4017 1238 4079 habitat
1304 4037 1416 4096 per
1450 4018 1768 4076 Platonici
1811 4018 1965 4095 quid
1996 4019 2260 4088 -deDeo
2300 4037 2521 4076 sense-

384 4104 703 4183 Spiritum
752 4104 1107 4182 Sanctum,
1178 4122 1228 4163 2
1266 4101 1416 4160 Cor.
1490 4104 1672 4177 rint,
1739 4101 1920 4161 Rom.
1977 4122 2025 4163 ιε
2083 4121 2155 4182 19
2187 4149 2201 4175 ,
2253 4105 2354 4161 25.
2442 4103 2523 4162 ln

383 4188 442 4248 6:
501 4188 598 4247 16.
1491 4187 1740 4247 Divina
1804 4197 2029 4250 mente
2073 4195 2205 4246 tres
2266 4185 2523 4246 faciunt
2570 4185 2577 4194 ’

344 4275 562 4337 Pii-ex
597 4272 895 4353 gentibus
933 4272 1040 4353 qui
1077 4272 1413 4344 dicantur,
1489 4271 1910 4351 hypostases,
1956 4269 2096 4330 Ioh.
2148 4291 2198 4331 1:
2246 4290 2305 4331 2.
2371 4272 2527 4330 Pla-

387 4364 529 4419 Act.
563 4378 656 4417 10:
690 4376 757 4430 2,
794 4378 887 4433 17:
915 4372 987 4431 4,
1017 4357 1199 4416 Rom.
1227 4376 1282 4416 2:
1322 4375 1416 4415 10.
1491 4356 1856 4416 tunicorum
1938 4357 2214 4415 celebris
2287 4357 2520 4434 pedum

385 4448 588 4506 Deum
632 4443 994 4503 adorabant
1017 4443 1097 4501 -in
1134 4442 1417 4524 subdiali
1495 4442 1749 4501 nuditas
1772 4486 1790 4518 ,
1832 4440 2120 4526 Marcgfiz
2154 4465 2215 4523 9.
2283 4441 2522 4502 Eorum

1283 4541 1290 4552 Χ
2385 4548 2523 4608 spes
2580 4557 2583 4578 s
