2779 5085
513 242 525 267 ¹
613 241 1020 305 RERUM·
1097 259 1206 302 1:⁰1³·
1284 239 1960 325 ῩΕΒΒ-ὈΒῸΜ..
2258 264 2375 326 157

200 404 467 470 Miseria
556 422 938 463 succurrere
1014 399 1200 461 novit
1314 402 1666 480 Mitylene,
1703 401 1859 461 urbs
1893 401 2143 463 insulae
2188 402 2383 463 Lesbi

249 493 551 552 Christus
601 508 735 547 non
782 488 1044 566 ignarus
1071 483 1280 558 mali,
1359 487 1625 561 Pittaci,
1655 485 1879 545 Alcaei
1915 496 1975 546 et
2015 487 2379 568 Sapphonis

250 578 454 636 Hebr.
500 594 557 632 2:
612 593 707 649 17.
1364 572 1610 649 patria,
1657 571 1804 641 Act.
1850 589 1947 630 20:
2006 586 2098 641 14.

208 657 663 721 Misericordia
688 652 1154 729 Dei‚Hebr04t
1192 651 1282 710 16.
1326 657 1636 715 Modestia
1713 654 2003 729 Christi,
2074 654 2212 718 loh,
2288 676 2385 718 112

250 745 596 821 Nunquam
631 740 1002 802 hominibus
1047 736 1284 809 defuit,
1370 760 1435 798 ιι
1464 759 1608 815 ,.21
1675 739 1989 799 Modestia
2026 760 2137 798 cur
2167 740 2393 800 Chris-

256 848 285 887 1
342 830 490 886 Cor.
534 847 592 921 7:
642 829 742 885 25.
812 824 891 883 In
936 821 1286 899 Euangelio
1364 824 1576 884 tianos
1615 824 1890 882 maxime
1929 823 2183 900 deceat,
2214 825 2396 884 Rom.

230 910 660 995 apertissime
747 918 844 967 est
923 905 1286 987 patefacta,
1371 927 1465 968 12:
1518 912 1577 969 3.
1662 907 1886 977 Animi
1950 909 2266 966 submissa
2324 910 2395 967 in

254 1000 452 1056 etiam
507 996 576 1051 in
640 993 907 1051 ludaeos
960 997 1286 1048 contuma-
1367 992 1663 1070 precibus
1691 992 2164 1071 praecipuensu
2186 995 2394 1074 venit,

259 1102 400 1154 000,
444 1079 634 1151 ibid„
662 1076 804 1136 Ioh.
834 1095 926 1135 12:
954 1077 1054 1135 35.
1134 1072 1285 1131 Eam
1371 1077 1525 1134 Luc.
1559 1080 1648 1135 18:
1678 1096 1740 1154 9.
1812 1074 2128 1134 Modestia
2172 1077 2400 1136 Chris-

259 1165 564 1224 Christus
627 1163 861 1240 probat
900 1157 1288 1238 argumentis
1368 1160 1529 1219 tiani
1596 1161 1865 1219 ludaeos
1930 1169 2183 1219 veteres
2247 1183 2400 1219 vn..

232 1245 1080 1326 ·exquotidianahominum
1104 1261 1281 1318 expe·
1368 1254 1564 1320 cunt,
1615 1244 1773 1303 Luc.
1832 1246 1922 1304 18:
1978 1257 2072 1313 14.
2147 1245 2249 1303 Μο
2300 1267 2402 1305 00-

253 1334 497 1394 rientia
556 1330 812 1409 petitis,
879 1328 1035 1387 Luc.
1088 1329 1180 1385 15:
1235 1346 1292 1384 2·
1370 1332 1496 1388 tiae
1530 1328 1927 1406 exemplum,
1972 1327 2129 1385 Luc.
2175 1349 2265 1408 19:
2303 1331 2400 1389 16.

261 1414 714 1476 Misericordia
802 1412 1079 1491 quodvis
1171 1410 1290 1466 Dei
1371 1413 1525 1472 Eius
1590 1413 1917 1491 ingenium
1974 1423 2067 1471 est
2127 1413 2203 1472 de
2252 1415 2396 1473 aliis

257 1499 650 1560 beneficium
690 1508 966 1557 vocatur
1006 1516 1042 1553 a
1074 1494 1288 1571 Sorip-
1370 1495 1890 1575 magnificentius
1955 1518 2140 1575 quam
2208 1498 2283 1557 de
2332 1520 2399 1558 se

258 1585 514 1647 toribus
597 1580 764 1643 Novi
846 1579 1291 1651 Testamenti,
1372 1580 1673 1659 opinari,
1722 1579 1892 1638 Phil.
1934 1600 1990 1640 2:
2038 1585 2098 1641 3.
2174 1582 2401 1642 Chris-

259 1691 304 1732 2
367 1669 517 1727 Cor.
579 1680 639 1735 4:
711 1686 765 1726 1.
853 1664 1170 1724 Hebraeis
1235 1673 1290 1719 et
1370 1667 1589 1723 tianae
1631 1664 1881 1744 image,
1935 1663 2091 1722 Luc.
2137 1668 2209 1724 15
2254 1686 2357 1730 21.

262 1751 646 1812 Hellenistis
687 1749 929 1809 dicitur
964 1768 1151 1806 omne
1188 1767 1292 1825 ge·
1338 1748 1587 1809 Moechi
1648 1758 1793 1827 post
1856 1747 2246 1825 Baptismum
2296 1772 2400 1813 re-

259 1859 382 1898 nus
444 1834 950 1906 beneficentiae,
1015 1832 1174 1890 Luc.
1233 1830 1289 1888 6:
1372 1832 1781 1912 cipiebantur
1810 1831 2129 1891 interdum
2171 1833 2238 1891 in
2271 1834 2404 1894 Ec-

261 1922 386 1996 36,
434 1921 566 1979 lac.
610 1939 664 1979 2:
714 1923 807 1979 13.
871 1921 1010 1976 Deo
1052 1919 1293 1995 gratior
1372 1919 1570 1976 clesia
1603 1917 1949 1991 Romana,
2002 1915 2200 1975 Hebr.
2239 1919 2297 1978 6.
2338 1920 2400 1979 6.

259 2025 448 2083 quam
469 2003 880 2077 sacrificium,
909 2003 1063 2061 Luc.
1085 2021 1177 2058 ιο.
1199 2019 1295 2078 32.
1334 2004 1561 2062 Μο1100
1604 2000 1864 2080 quinam
1909 1961 2113 2077 dicti,
2168 2019 2194 2063 1
2252 2003 2402 2064 Cor.

260 2089 595 2149 Virtutum
656 2086 1002 2166 princeps,
1065 2082 1293 2142 Matth.
1370 2075 1429 2146 6.
1479 2107 1541 2166 9.
2333 2116 2336 2119 -

265 2179 368 2236 25:
414 2176 514 2254 35.
584 2172 753 2230 Iram
792 2171 914 2229 Dei
951 2168 1293 2242 finit,1ac.
1336 2171 1595 2230 Monere
1644 2188 1952 2227 memores
2002 2170 2193 2230 etiam
2241 2171 2398 2230 utile

269 2277 480 2339 2;13.
548 2257 626 2315 In
669 2275 976 2334 pauperes
1021 2253 1293 2312 caeteris
1372 2264 1513 2330 est,
1566 2254 1916 2314 2Petr..1:
1970 2270 2068 2316 12.
2139 2256 2398 2314 Monere

264 2341 615 2403 virtutibus
655 2341 973 2399 associata
1012 2337 1292 2416 praemia
1369 2340 1442 2399 in
1511 2334 1848 2399 Ecclesia
1875 2339 2053 2398 cuius
2124 2340 2400 2398 officium

265 2428 520 2485 confert
558 2434 862 2499 aeterna,
900 2443 938 2483 2
976 2422 1126 2480 Cor.
1150 2442 1207 2500 9:
1239 2442 1297 2500 9.
1370 2424 1743 2502 proprium,
1798 2438 1824 2482 1
1875 2423 2103 2483 Thess.
2150 2428 2208 2491 5:
2261 2441 2357 2484 12.

268 2509 421 2571 Eius
443 2518 872 2591 praeceptum,
899 2506 1297 2588 Hebr.13:3.
1334 2508 1563 2569 Moniti
1610 2517 1676 2568 et
1721 2509 2046 2587 praecepti
2097 2506 2403 2574 differen-

267 2594 430 2655 Eam
474 2599 780 2664 exercere
822 2612 974 2673 erga
1014 2594 1297 2652 iumenta
1371 2596 1506 2669 tia,
1581 2611 1608 2654 1
1668 2593 1818 2653 Cor.
1881 2614 1939 2669 7:
1990 2594 2051 2656 6.
2152 2594 2400 2662 Monita

271 2702 386 2740 cur
432 2681 804 2754 iubeamur,
859 2698 877 2736 1
939 2678 1091 2736 Cor.
1133 2701 1194 2757 9:
1239 2700 1296 2758 9.
1372 2679 1700 2760 generalia
1766 2676 1916 2735 addi
1986 2678 2200 2740 solent
2255 2699 2404 2758 spe-

270 2764 729 2824 Misericordia
792 2763 948 2842 quid
1019 2761 1294 2837 Stoicis,
1370 2764 1645 2821 cialibus
1691 2783 1726 2820 a
1768 2761 2010 2821 sanctis
2051 2763 2403 2843 Scriptori-

269 2849 502 2910 Matth.
553 2853 613 2908 5:
665 2869 724 2926 7.
814 2846 1297 2906 Misericordiae
1372 2849 1536 2921 bus,
1611 2845 1806 2905 Hebr.
1879 2862 1986 2906 122·
2046 2847 2142 2908 16.
2251 2846 2399 2907 Nou

272 2956 466 3013 opera
501 2941 650 2991 sunt
684 2931 1011 2992 sacrificia.
1039 2940 1297 3007 accepta
1334 2990 1346 3005 .
1373 2938 1644 3011 possunt
1717 2930 1809 2987 ita
1878 2951 2014 2988 esse
2091 2941 2403 3012 perpetua

273 3039 486 3077 coram
513 3016 970 3091 De0‚Phil.4:
1008 3019 1101 3072 18.
1171 3015 1299 3073 Cur
1371 3016 1530 3094 quin
1578 3014 1658 3071 ob
1722 3014 2235 3080 circumstantias
2298 3036 2404 3074 re-

272 3102 694 3161 fundamento
735 3107 1226 3179 comparentur,
1271 3118 1290 3156 1
1374 3099 1823 3177 stringantur,
1894 3114 1920 3157 1
1991 3097 2143 3156 Cor.
2188 3118 2248 3176 7:
2305 3116 2403 3159 12.

277 3188 445 3246 Tim.
468 3188 529 3246 6:
559 3207 652 3265 19.
700 3186 800 3246 Α11
828 3192 1301 3261 consequantur
1376 3183 1650 3244 Monitio
1722 3182 2071 3241 acerbitate
2137 3191 2402 3258 careat,

272 3251 718 3344 munditiam,
756 3279 822 3329 et
868 3268 1299 3342 antecedant,
1379 3266 1609 3326 Matth.
1657 3267 1751 3325 18:
1803 3269 1901 3327 15.

275 3355 434 3414 Luc.
493 3376 550 3434 9.
617 3368 719 3424 41.
803 3353 1042 3413 Veram
1106 3353 1298 3410 comi·
1340 3353 1520 3411 Mons
1588 3349 1837 3414 oliveti
1901 3325 2198 3432 Templo
2231 3347 2408 3420 vici..

271 3440 479 3498 tantia
527 3438 989 3518 poenitentiam
1041 3457 1299 3516 magnos
1377 3458 1542 3509 nus,
1602 3434 1833 3496 Matth.
1899 3450 1997 3506 24:
2064 3453 2121 3497 1.
2215 3436 2402 3495 Mons

271 3523 521 3583 habent
560 3522 860 3596 effectus,
907 3523 1061 3582 Luc.
1111 3523 1204 3581 16:
1242 3534 1302 3589 4.
1332 3522 1649 3580 osanctus
1738 3519 2050 3582 Hebraeis
2129 3528 2406 3579 vocatur

275 3609 504 3668 Iuncta
549 3629 689 3667 cum
738 3608 927 3666 donis
975 3605 1302 3678 redimunt
1381 3608 1566 3666 Mons
1629 3605 1875 3666 Moriae
1939 3606 2008 3663 in
2073 3625 2196 3683 quo
2264 3613 2409 3663 erat

278 3694 554 3767 delicta,
603 3692 757 3750 Luc.
804 3710 896 3752 io:
941 3705 1043 3762 41.
1377 3690 1762 3767 Templum,
1851 3709 1889 3749 2
1943 3689 2115 3748 Petr.
2183 3705 2236 3748 1:
2309 3690 2410 3749 18.

230 3778 605 3837 Misericors
652 3777 977 3854 proprium
1021 3772 1146 3833 Dei
1186 3793 1306 3831 no-
1380 3773 1562 3833 Mons
1619 3773 1881 3831 Domini
1935 3773 2172 3830 dicitur
2215 3772 2410 3831 Tem-

273 3883 420 3921 men
460 3860 626 3938 apud
664 3859 1023 3920 Chaldaeos
1048 3867 1115 3921 et
1138 3858 1304 3917 Ara·
1378 3861 1549 3939 plum
1587 3855 2287 3935 Hierosolymitanum,
2315 3857 2409 3916 A-

274 3947 429 4020 bes,
479 3945 633 4004 Luc.
675 3945 733 4003 6.
785 3945 885 4025 36.
1378 3962 1522 4020 poc.
1567 3960 1663 4038 13.
1717 3961 1776 4021 3·
1859 3957 1870 3982 ³

233 4028 495 4089 Mittere
522 4030 822 4088 dicuntur
839 4049 949 4107 qui
975 3997 1136 4086 alios
1163 4044 1300 4083 cum
1338 4028 1590 4087 Montes
1625 4025 1807 4084 iuxta
1831 4022 2184 4104 Prophetas
2221 4046 2407 4105 saepe

272 4123 593 4194 potestate
656 4113 996 4194 delegant,
1053 4131 1076 4170 1
1108 4110 1303 4170 ‘.Petr
1377 4121 1527 4170 sunt
1567 4129 1799 4187 magua
1836 4110 2150 4188 imperia,
2207 4109 2408 4174 Marc.

276 4217 334 4259 2.
373 4213 465 4270 14.
530 4198 793 4258 Mittere
820 4199 990 4256 Deus
1032 4197 1302 4270 dicitur,
1383 4213 1482 4257 11·
1530 4213 1633 4276 23.
1677 4193 2074 4272 Frequenter
2118 4202 2408 4255 01111101·-

276 4284 385 4340 ubi
430 4282 905 4355 mandatadat‚
937 4280 1077 4339 loh.
1100 4300 1157 4357 7:
1189 4298 1300 4356 29,
1379 4303 1527 4355 ces,
1599 4281 1807 4359 Apoc.
1874 4282 1931 4339 8.
1999 4281 2128 4354 8,
2159 4278 2254 4340 161
2303 4299 2407 4343 21.

281 4368 338 4424 8:
383 4380 661 4441 42,1ο;
712 4366 831 4448 36,
890 4365 1078 4426 Rom.
1121 4366 1178 4423 8:
1226 4382 1302 4443 3,
1380 4367 1632 4428 Montes
1712 4371 1953 4451 septem
2044 4384 2160 4442 pro
2249 4366 2408 4422 urbe

276 4449 417 4509 Gal.
462 4465 523 4520 4:
571 4465 635 4520 4.
970 4497 975 4504 .
1108 4501 1116 4510 ,
1381 4449 1625 4526 Roma,
1671 4449 2022 4536 Apoc.15:
2074 4468 2153 4525 1,
2207 4464 2301 4520 17·
2352 4453 2409 4505 ,’6.

2222 4530 2402 4588 Mon-
