2779 5085
665 272 1051 364 aranu
1140 320 1242 364 u
1328 289 1991 368 vssnssontm'.
2340 320 2425 396 99

270 450 561 540 Angelos
607 469 873 519 evectus
897 505 917 535 ,
945 460 1145 521 Hebr.
1177 478 1228 521 13
1251 461 1312 520 5.
1389 458 1621 519 Matth.
1671 464 1766 523 133
1793 465 1873 522 38
1896 506 1916 536 ,
1967 462 2130 524 Luc.
2167 480 2269 530 2'0:
2299 472 2422 547 35,-
2461 527 2466 533 ,

271 544 402 604 Dei
444 565 559 624 per
595 544 817 604 omnia
849 546 1190 605 simillima
1213 552 1310 606 est
1385 542 1528 602 1011.
1580 563 1633 605 1:
1685 554 1800 619 1'2,
1846 546 1989 607 Gal.
2028 551 2086 610 33
2116 550 2218 611 26.
2263 552 2424 614 Om-

268 629 529 708 imago,
582 628 778 687 Hebr.
826 649 877 689 13
907 631 1312 692 3.'Imitatur
1385 628 1600 686 nibus¹
1638 630 1915 709 subiecti
1964 643 2115 693 sunt
2170 638 2422 698 incom-

273 715 491 773 Patris
561 734 804 792 opera,
873 713 1016 774 Ioh.
1076 719 1138 775 53
1210 735 1310 775 20.
1384 708 1592 771 modis
1631 714 1810 773 vitae
1846 713 2037 776 huius
2080 725 2416 800 mortalis,

275 798 530 857 Patrem
579 798 649 856 in
697 800 958 857 arcanis
1007 802 1139 858 suis
1188 820 1303 859 no·
1389 796 1586 856 flebr.
1630 817 1688 858 2:
1746 811 1841 868 14.
1908 794 2053 873 Qua
2094 803 2173 862 de
2221 826 2417 867 eausa

267 885 412 956 vit,
459 881 604 941 Ioh.
644 897 703 952 43
736 901 834 941 22.
897 884 1054 944 Vice
1098 885 1307 944 Patris
1380 881 1476 939 sie
1537 893 1899 957 vocentur,
1970 888 2118 946 Act.
2169 905 2264 964 17:
2318 912 2418 971 29.

265 967 526 1027 iudicat
555 967 909 1042 Mundum,
956 968 1098 1029 Ioh.
1116 973 1178 1029 53
1204 987 1304 1032 22.
1381 964 1622 1024 Eorum
1686 976 1753 1025 et
1815 967 2098 1031 filiorum
2147 974 2417 1036 Diaboli

267 1050 426 1111 Eius
475 1052 684 1132 gloria
743 1054 955 1111 omnis
1001 1055 1175 1114 redit
1223 1054 1302 1112 ad
1379 1048 1794 1124 differentia,
1827 1068 1854 1111 1
1885 1052 2026 1113 1011.
2053 1060 2112 1116 3:
2141 1074 2239 1118 10.
2282 1060 2414 1120 Eos

269 1137 524 1196 Patrem
552 1183 573 1214 ,
619 1135 759 1195 Iob.
816 1157 906 1197 ιι3
953 1151 1015 1208 4.
1082 1138 1303 1198 Potes·
1380 1132 1645 1194 Christo
1678 1138 2051 1199 educandos
2088 1152 2276 1222 atque
2302 1163 2416 1204 cu-'

265 1229 366 1279 tas
419 1230 725 1300 perpetuo
791 1221 938 1280 fluit
985 1243 1021 1280 a
1067 1223 1298 1295 Patre,
1375 1218 1618 1278 randos
1646 1221 1757 1279 dat
1784 1222 1990 1297 Deus,
2019 1223 2289 1288 {sehr-2:
2316 1233 2412 1292 13.

267 1304 408 1365 Ioh.
445 1304 504 1364 6:
543 1308 648 1363 50.
694 1304 1151 1365 Voluntarium
1185 1307 1294 1366 ob·
1337 1301 1483 1362 Filii
1514 1305 2054 1383 Diaboliquinam
2081 1309 2409 1390 dicantur,

269 1391 593 1468 sequium,
658 1390 797 1449 loh.
843 1393 902 1450 6:
950 1395 1054 1451 51.
1141 1392 1297 1450 Eius
1376 1387 1602 1446 Matth.
1659 1395 1749 1449 133
1817 1394 1918 1450 38.
2019 1391 2165 1452 Filii
2232 1399 2410 1475 pacti

196 1483 205 1487 ’
265 1482 397 1533 'vox
438 1495 573 1533 vox
624 1475 835 1533 Patris
866 1521 881 1546 ,
932 1476 1070 1535 loh.
1107 1480 1166 1536 5:
1199 1480 1299 1535 28.
1370 1473 1633 1550 quinam
1660 1474 1995 1551 dieantur,
2044 1478 2278 1540 Matth.
2309 1502 2407 1544 113

265 1558 343 1618 Εἰ
407 1559 646 1618 dantur
697 1561 874 1618 tituli
923 1562 1294 1620 eminentis·
1381 1575 1476 1634 ¹9·
1544 1555 1695 1616 Filii
1739 1569 1954 1619 terrae
1995 1562 2259 1640 quinam
2303 1567 2409 1626 di-

266 1645 459 1718 simi,
510 1643 708 1702 Hebr.
760 1661 812 1704 1:
864 1647 924 1702 8.
992 1642 1155 1704 Filio
1193 1666 1294 1704 res
1372 1650 1651 1717 cantur,
1699 1642 1932 1703 Matth.
1976 1648 2037 1704 8:
2085 1666 2185 1706 20.
2253 1647 2448 1711 Filii'

264 1728 576 1787 maximas
619 1739 683 1786 et
724 1729 1034 1787 coelestes
1082 1730 1288 1788 credi·
1369 1725 1622 1784 tonitru
1688 1738 2011 1787 vocantur
2072 1731 2204 1791 viri
2269 1735 2409 1795 effi-

268 1812 366 1871 dit
389 1813 615 1887 Pater,
642 1833 774 1871 non
801 1815 1014 1872 servis
1035 1858 1055 1887 ,
1097 1813 1293 1872 Hebr.
1371 1811 1614 1869 caciter
1630 1811 1991 1890 loquentes,
2011 1816 2211 1894 Apoe.
2231 1820 2407 1899 ¹915·

268 1914 322 1957 1:
359 1914 412 1957 Ι.
459 1895 624 1955 Filio
652 1918 766 1957 cur
792 1898 1099 1977 tribuitur
1121 1901 1288 1975 quod
1330 1891 1481 1951 Filii
1517 1897 1780 1956 nomine
1807 1899 2175 1977 appellatur
2200 1924 2409 1983 popu-

261 1983 570 2055 veritati,
618 1981 758 2041 Iob.
786 1987 843 2042 8:
898 1984 999 2041 36.
1064 1980 1290 2041 Filium
1368 1979 1492 2052 lus,
1522 1981 1816 2038 iudaicus
1859 1983 2185 2043 interdum
2233 1986 2404 2065 apud

264 2086 442 2125 suum
500 2066 569 2124 in
627 2087 807 2145 quem
870 2068 1073 2125 finem.
1119 2070 1291 2126 Deus
1366 2061 1757 2142 Prophetas,
1785 2066 1987 2143 Apoc.
2019 2086 2113 2129 11:
2146 2089 2204 2151 3.
2249 2070 2403 2131 Filii

263 2151 512 2209 miserit
559 2151 655 2209 in-
681 2151 988 2211 Mundum
1015 2199 1034 2228 ‚
1088 2169 1113 2212 1
1154 2152 1292 2212 loh.
1366 2149 1622 2228 prodigi
1673 2149 1984 2228 parabola
2041 2151 2218 2213 inter
2266 2155 2404 2216 ele-

260 2248 323 2306 43
371 2255 432 2315 9.
495 2233 656 2295 Eum
701 2238 874 2295 Deus
919 2238 1120 2316 gratis
1156 2246 1284 2296 tra·
1365 2231 1773 2312 gantissimas
1823 2237 2168 2313 ponenda,
2239 2238 2402 2302 Lue'.

262 2319 427 2378 didit
485 2342 602 2399 pro
670 2322 953 2401 peccatis
1017 2322 1286 2396 Mundi,
1371 2319 1468 2377 15:
1496 2335 1597 2377 20.
1643 2316 1789 2377 Filii
1815 2319 1986 2401 Lege
2012 2322 2208 2381 M'osis
2241 2323 2403 2386 hae-

268 2403 402 2462 loh.
432 2408 507 2464 t3:
558 2405 651 2463 16.
1364 2402 1554 2460 redes
1600 2404 2013 2477 necessario,
2063 2407 2238 2468 filiae
2260 2426 2400 2470 non

219 2482 417 2547 Filius
453 2486 735 2548 hominis
775 2512 889 2571 pro
914 2492 1145 2569 quovis
1170 2489 1285 2550 ho—
1363 2486 1491 2545 nisi
1519 2484 1673 2546 filiis
1700 2488 2183 2569 deficientibus,
2212 2492 2401 2554 Rom.

258 2574 426 2633 mine
457 2620 473 2649 ,
543 2574 771 2635 Matth.
843 2596 934 2634 123
1007 2579 1043 2634 8
1076 2620 1092 2648 ,
1161 2581 1239 2636 32
1267 2622 1286 2653 ,
1363 2574 1422 2631 8:
1480 2591 1596 2649 17,
1644 2571 1788 2633 Gal·
1821 2587 1882 2644 4:
1922 2595 1986 2652 7·
2050 2573 2200 2634 Filii
2241 2578 2401 2637 Obe-

259 2660 462 2719 Marc.
512 2680 565 2718 2:
632 2663 732 2718 28.
820 2660 950 2718 Cur
1008 2669 1071 2719 et
1130 2682 1288 2738 quo-
1361 2655 1674 2715 dientiam
1739 2679 1894 2739 erga
1957 2671 2263 2739 parentes
2331 2665 2401 2724 et

260 2744 447 2818 modo
516 2742 813 2802 Christus
875 2746 958 2801 sit
1031 2745 1284 2822 dietus,
1363 2742 1595 2817 probos
1639 2763 1849 2803 mores
1899 2745 2234 2806 addiscere
2267 2748 2401 2808 'de-

258 2827 487 2886 Matth.
554 2831 612 2888 8:
681 2848 801 2897 20,
875 2828 1012 2888 Ioh.
1073 2832 1134 2888 53
1186 2845 1286 2901 27.
1360 2826 1559 2898 bent,
1613 2841 1641 2886 1
1674 2828 1844 2887 Tim.
1883 2848 1939 2906 3:
1972 2842 2035 2899 4.
2123 2828 2269 2891 Filii
2305 2833 2399 2893 Α-

1361 2911 1752 2987 postolorum
1800 2913 2059 2991 quinam
2111 2914 2269 2974 dicti
2310 2915 2394 2977 ab
2487 2973 2492 2978 .

1340 2993 1559 3071 ·ipsis,
1629 3011 1657 3055 1
1712 2996 1887 3055 Petr.
1935 3001 1995 3057 5:
2053 3017 2152 3076 13.
2242 2998 2394 3060 Filii

209 3079 412 3139 Filius
472 3082 1011 3161 Paralipomenon
1065 3081 1277 3161 Scrip-
1358 3077 1862 3138 concubinarum
1957 3082 2393 3144 succedebant

247 3167 374 3225 tori
452 3167 693 3224 dicitur
779 3157 887 3245 qui
956 3168 1113 3225 iuris
1187 3176 1283 3225 est
1358 3161 1536 3219 Patri
1586 3162 2022 3224 ab'intestato
2059 3165 2230 3244 apud
2260 3165 2393 3226 He-

254 3272 619 3324 successor,
656 3251 809 3310 Luc.
842 3257 897 3313 3:
935 3256 1031 3311 23.
1080 3250 1279 3309 Filius
1357 3248 1636 3324 braeos,
1707 3248 1850 3308 Gal.
1909 3262 1971 3319 43
2047 3268 2146 3325 30.
2232 3247 2388 3310 Filii

254 3334 529 3394 alicuius
573 3336 812 3395 dicitur
858 3337 963 3415 qui
1008 3338 1064 3395 ei
1108 3336 1274 3394 simi·
1353 3330 1545 3389 huius
1626 3334 1827 3393 seculi
1899 3344 1965 3394 et
2030 3334 2155 3394 filii
2219 3335 2389 3396 lueis

253 3419 331 3477 lis
379 3428 518 3491 est,
567 3421 767 3498 Apoc.
816 3440 913 3480 213
953 3441 1012 3492 7.
1076 3418 1277 3479 Filius
1350 3415 1657 3494 quinam,
1724 3419 1882 3479 Luc.
1950 3420 2045 3481 16:
2105 3423 2167 3485 8.
2254 3419 2391 3481 Na·-

249 3525 361 3578 pro
406 3501 732 3577 obnoitio,
783 3504 1012 3565 Matth.
1052 3509 1150 3567 23:
1189 3508 1278 3565 15.
1350 3509 1537 3561 turae
1598 3510 1663 3562 et
1704 3525 1953 3566 morum
1996 3505 2106 3585 qui
2129 3548 2153 3583 ‚
2223 3504 2390 3566 Luc·

252 3586 456 3646 Filius
521 3590 801 3660 dicitur,
874 3611 909 3648 a
976 3612 1100 3669 quo
1164 3609 1275 3666 ex·
1357 3602 1456 3646 11:
1500 3588 1605 3657 48.

250 3682 622 3751 spectantur
670 3674 790 3732 filii
833 3676 1044 3733 officia
1072 3721 1088 3747 ,
1136 3674 1277 3734 loh.
1312 3668 1625 3729 Filiorum
1670 3672 1847 3733 inter
1894 3694 1960 3732 se
2002 3670 2385 3752 distinctio,

255 3777 341 3835 19:
411 3758 510 3818 26.
620 3756 816 3818 Filius
884 3780 1027 3818 cum
1097 3768 1276 3837 patre
1351 3754 1535 3814 Rom.
1580 3776 1638 3834 9:
1690 3778 1748 3832 7.
1838 3748 2147 3816 filiorum
2193 3764 2259 3816 et
2296 3755 2388 3816 li-

246 3841 415 3901 idem
481 3843 549 3901 in
594 3844 750 3918 ‚iure
809 3865 945 3904 esse
995 3843 1276 3921 dicitur,
1351 3840 1653 3899 berorum
1703 3840 2100 3917 discrimen,
2146 3839 2381 3901 Matth.

246 3928 385 3986 Ioh.
441 3944 535 3987 10:
588 3948 686 4009 3²3.
780 3928 1016 3988 Rerum
1062 3938 1277 4011 pater·
1356 3941 1413 3984 1:
1468 3941 1524 3984 Ι.
1614 3919 1922 3983 Filiorum
1981 3933 2078 3983 est
2126 3945 2385 3985 aecum-

241 4033 468 4072 narum
515 4012 699 4092 quasi
765 4014 1083 4074 Dominus
1131 4022 1273 4088 est,
1350 4010 1505 4069 bere
1529 4013 1667 4065 cu'm
1697 4009 2386 4084 Patresamilias,Luc.
2434 4055 2438 4062 -

244 4095 388 4155 loh-
435 4100 492 4156 8:
545 4100 657 4170 35,
711 4116 807 4158 10:
859 4118 969 4179 33,
1025 4100 1118 4159 163
1163 4099 1271 4171 15,
1357 4112 1538 4171 17:7-
1584 4089 1892 4152 Filiorum
1913 4114 2075 4154 voce
2103 4092 2384 4156 Hebraei

244 4201 341 4253 17:
374 4199 450 4241 10
474 4227 488 4252 ,
539 4182 680 4241 Gal.
703 4198 763 4253 43
801 4200 825 4243 1
861 4228 878 4257 ,
910 4181 1106 4242 Hebr.
1133 4187 1189 4244 33
1214 4183 1274 4241 6.
1350 4178 1694 4257 participes
1720 4178 2212 4260 intelligebant,
2239 4179 2384 4240 Ioh.

239 4263 444 4323 Filius
475 4268 850 4346 praecepti,
900 4267 1058 4327 Luc.
1086 4287 1142 4328 2:
1171 4282 1273 4337 42.
1353 4282 1448 4324 123·
1498 4263 1599 4345 36.

255 2911 415 2983 Quis
476 2913 967 2993 intelligebatur
1027 2913 1106 2972 ab
1160 2911 1283 2973 He·

252 2997 510 3069 braeis‚
562 2997 700 3061 loh.
758 3018 845 3058 12:
894 3002 996 3067 34.
1158 3031 1161 3036 -

118 4392 120 4395 >
160 4383 163 4386 ·
237 4348 436 4409 Filins
475 4349 667 4433 Regis
704 4353 912 4412 maior
937 4352 1228 4436 Satrapis
1251 4397 1270 4427 ,
1311 4349 1484 4410 Finis
1535 4365 1651 4428 pro
1678 4349 2070 4408 monitorum
2095 4367 2379 4427 summa,

1355 4455 1376 4493 1
1432 4434 1603 4492 Petr.
1652 4450 1706 4513 33
1749 4435 1809 4491 8.
1896 4431 2074 4492 Finis
2123 4442 2379 4492 actuum

1345 4539 1532 4597 saepe
1583 4518 1748 4576 alius
1796 4529 1892 4578 est
1937 4539 2125 4598 quain
2162 4517 2380 4657 intela-

1666 4604 1718 4661 G
1745 4624 1780 4663 2
2322 4599 2378 4656 i·-

244 4432 441 4493 Hebr.
494 4453 544 4496 1:
602 4453 699 4507 14.

199 4515 347 4578 Filii
404 4522 538 4588 ,Dei
584 4521 863 4602 quinam
909 4522 1224 4582 dicantur
1248 4565 1270 4597 ,
