2779 5085
422 258 535 334 158
1238 250 1763 314 1NnEx

447 412 703 473 Montes
754 410 1112 471 transferre
1152 412 1307 491 quid
1351 412 1481 493 sig-

449 498 720 568 nificet,
774 511 798 554 1
856 495 1004 554 Cor.
1054 515 1148 578 13:
1196 515 1253 560 2.
1556 513 1592 554 2
1634 493 1806 553 Petr.
1849 509 1906 553 1:
1948 506 2010 564 4.
2317 562 2318 567 ἵ

408 578 967 641 Monumentorum
1017 602 1161 660 pars
1215 580 1284 638 in
1325 579 1474 642 hor·
1517 578 1836 658 Morigera
1873 587 2132 658 pectora
2158 583 2411 659 quaerit
2436 584 2620 665 Spi-

444 667 524 723 tis
569 673 867 742 exempta
913 674 1053 722 erat
1090 665 1309 724 usibus
1352 664 1472 723 hu·
1552 663 1756 738 ritus,
1805 660 1945 721 Ioh.
1992 676 2087 733 14:
2140 681 2236 739 17.

445 750 653 807 manis
682 755 718 821 ,'
767 746 991 805 Matth.
1040 752 1136 809 283
1191 767 1249 807 2.
1315 750 1473 809 1110-
1517 745 1720 805 Moris.
1779 745 1961 804 Mons
2008 745 2120 804 ubi
2166 747 2424 810 Isaacus
2478 772 2615 811 sa·-

440 852 580 891 rum
626 832 785 891 duae
828 841 1015 890 erant·
1050 842 1298 912 partes,
1326 835 1470 892 sub·
1552 831 1874 889 crificatus
1900 873 1920 904 ,
1969 829 2110 889 1011.
2151 845 2213 902 4:
2253 851 2353 893 20.

336 950 351 969 .
448 917 619 976 diale
645 924 709 973 et
747 917 1086 994 spelunca,
1125 918 1285 976 ibid.
1332 918 1474 977 Mo..
1511 914 1675 973 Mori
1739 913 2146 993 Philosophia
2206 917 2276 975 in
2336 929 2611 998 puncto

439 1008 806 1059 numentum
858 1000 1105 1059 Christi
1151 1004 1472 1061 newton·
1548 998 1890 1072 consistit,
1954 997 2108 1056 Luc.
2154 1003 2212 1059 8:
2261 1008 2362 1070 42.
2450 1002 2614 1063 He·-

441 1105 516 1165 ge
566 1085 787 1142 aberat
834 1104 869 1141 a
915 1084 1054 1145 loco
1093 1086 1463 1144 crucifixio·
1545 1083 1759 1141 braeis
1805 1102 1993 1160 saepe
2041 1090 2138 1142 est
2185 1086 2415 1145 misere
2478 1090 2611 1147 vi-

441 1170 541 1243 rff's
587 1171 760 1239 eins,
808 1165 947 1225 Ioh.
980 1186 1072 1247 19:
1102 1183 1203 1238 42.
1252 1168 1469 1229 Fuisse
1543 1186 1747 1241 vere,
1804 1166 1945 1224 Gal.
1992 1170 2049 1227 3:
2106 1183 2204 1227 12.
2293 1169 2610 1230 Sumitur

435 1253 601 1310 illud
673 1271 911 1310 novum
982 1254 1211 1331 probat
1277 1255 1466 1312 fidem
1548 1272 1663 1330 pro
1707 1251 1996 1309 miserias
2042 1273 2318 1331 summas
2362 1263 2426 1313 et
2471 1277 2606 1334 pe-

432 1336 927 1395 resurrectionis
956 1382 972 1411 ,
1015 1337 1176 1397 ibid.
1236 1338 1465 1397 Monu-
1543 1334 1750 1393 ricula
1791 1336 2015 1393 mortis
2043 1336 2257 1396 subire
2286 1385 2305 1415 ,
2347 1358 2381 1397 2
2409 1339 2600 1398 Tim.

436 1420 637 1479 menti
701 1418 946 1477 Christi
1010 1431 1306 1499 accurata
1357 1425 1466 1483 de·
1544 1439 1599 1479 23
1659 1438 1754 1481 11.
1816 1418 1977 1477 Mori
2025 1420 2267 1479 dicitur
2302 1424 2598 1483 victima.

439 1503 760 1581 scriptio,
816 1503 1038 1562 matth.
1088 1511 1184 1565 283
1240 1525 1298 1564 2.
1542 1524 1657 1581 pro
1700 1502 2010 1577 homine,
2068 1503 2290 1563 Matth.
2329 1498 2426 1566 263
2476 1512 2599 1566 28.

396 1587 657 1657 Morbus
759 1588 1086 1646 vinculum
1180 1590 1464 1665 dicitur,
1550 1587 1708 1646 Mori
1776 1587 1989 1646 indies
2037 1590 2155 1647 vest:
2227 1591 2594 1649 maximum

442 1671 726 1747 Μαι-απ
770 1675 867 1753 35.
923 1673 1317 1753 Imaginosus
1356 1695 1467 1752 per
1538 1672 1722 1730 vitae
1773 1672 2069 1750 lucrum,
2143 1671 2314 1731 Phil.
2364 1693 2415 1734 1:
2468 1695 2598 1734 21.

432 1756 721 1815 remedia
761 1753 1120 1836 imaginosa
1169 1768 1462 1833 curatur,
1546 1754 1880 1821 Mmriendo
1927 1756 2279 1815 liberamur
2323 1780 2358 1816 a
2393 1759 2593 1820 vitae

438 1839 599 1898 Luc.
662 1854 760 1909 24:
834 1844 934 1901 28.
1025 1841 1310 1901 Morbum
1370 1843 1462 1900 sa·
1537 1838 2003 1914 incommodis,
2054 1842 2197 1899 Col.
2242 1861 2299 1901 23
2352 1861 2451 1902 2ο.

431 1922 909 2005 teri-sanitatis
964 1926 1260 2003 initium,
1309 1927 1463 1985 Luc.
1505 1922 1673 1982 Mors
1739 1945 1856 2003 pro
1932 1927 2156 1984 mortis
2230 1927 2599 2004 pericuIO,

357 2010 361 2017 ’
433 2027 492 2086 73
544 2009 644 2089 35.
731 2010 959 2069 Morbo
1013 2011 1229 2070 ablato
1272 2012 1461 2071 novis
1539 2027 1577 2067 2
1617 2008 2023 2069 Cor.11:23.
2110 2008 2422 2070 Hebraeis
2469 2012 2589 2070 di-

430 2093 921 2153 medicamentis
958 2115 1090 2153 non
1128 2105 1224 2154 est
1261 2117 1460 2174 opus,
1540 2092 1708 2150 citur
1752 2090 1970 2171 gravis
2016 2095 2316 2168 vexatio,
2365 2098 2591 2174 Apoc-

338 2221 368 2247 -,
432 2174 631 2235 Hebr.
673 2199 731 2256 9:
780 2198 838 2238 2.
906 2179 1116 2237 Morbi
1172 2180 1296 2257 piis
1340 2179 1452 2236 im·
1541 2188 1634 2261 ι43
1692 2179 1788 2236 13.
1859 2175 2082 2234 Mortis
2117 2179 2377 2238 nomine
2423 2181 2595 2239 tris-

430 2263 781 2320 mittuntur
818 2284 852 2321 a
896 2261 1168 2337 satana,
1219 2264 1358 2320 Deo
1392 2263 1461 2321 id
1535 2259 1748 2317 titiam
1776 2268 2018 2324 vocant
2045 2259 2358 2337 Hebraei,
2388 2255 2587 2324 Ror‘n.

432 2345 717 2419 sinente,
768 2346 925 2404 Luc.
958 2365 1052 2425 13:
1088 2365 1154 2408 11
1184 2390 1203 2421 ‚
1246 2365 1282 2405 2
1310 2346 1460 2405 Cor.
1542 2361 1634 2402 ιι3
1688 2345 1822 2409 15.,
1872 2342 2047 2403 Mors
2095 2366 2212 2424 pro
2258 2348 2591 2424 pestilen-

436 2447 532 2489 12:
577 2448 637 2508 7.
695 2428 900 2489 Morbi
950 2439 1267 2489 vetustate
1309 2450 1457 2488 ver·
1534 2426 1661 2501 tia,
1691 2426 1919 2486 Matth.
1946 2440 2044 2497 24:
2073 2430 2586 2504 7,Apoc.21:4.

428 2520 658 2573 tuntur
718 2513 785 2573 in
845 2523 1187 2589 naturam,
1262 2513 1458 2572 Marc.
1535 2509 1680 2596 Pru.
1734 2509 1974 2571 morbis
2067 2511 2389 2589 letiferis,
2476 2515 2587 2576 A-

425 2599 486 2656 5:
519 2598 619 2657 26.
675 2598 933 2657 Morbos
960 2599 1456 2680 transgressori-
1531 2615 1672 2674 poc.
1713 2595 1772 2654 63
1821 2599 1881 2656 8.
1935 2596 2063 2655 Pro
2109 2599 2577 2676 permansione

425 2681 544 2739 bus
641 2681 777 2741 Lex
838 2682 1245 2760 minabatur,
1313 2681 1457 2741 1011.
1530 2680 1603 2737 iu
1643 2688 1881 2756 morte,
1931 2678 2073 2740 Ioh.
2124 2699 2218 2741 ιι3
2268 2695 2330 2760 4.
2390 2683 2575 2746 Mors

1533 2762 1767 2823 dieitur
1808 2765 1948 2824 vita
1992 2764 2063 2822 in
2120 2768 2399 2843 peccatis
2427 2814 2446 2845 ‚
2495 2779 2574 2830 et

1533 2847 1704 2906 salus
1762 2848 2074 2907 liberatio
2132 2869 2167 2906 a
2225 2851 2569 2929 peccatis,

1534 2930 1699 3011 Eph.
1744 2952 1804 2993 2:
1860 2935 1922 2993 8.
2004 2915 2412 3012 Phisosophis
2461 2947 2573 2998 est

1529 3017 1667 3076 vita
1737 3018 1950 3092 mala,
2033 3027 2099 3077 et
2161 3023 2573 3082 resurrectio

1530 3101 1669 3160 vita
1706 3111 2037 3175 correcta,
2085 3121 2124 3160 2
2160 3103 2329 3160 Tim.
2367 3123 2422 3164 2:
2462 3110 2571 3167 18.

1532 3185 1705 3244 Mors
1770 3185 2023 3265 vulgari
2074 3205 2267 3244 sensu
2311 3196 2406 3245 est
2458 3211 2572 3249 se-

1527 3270 1778 3348 paratio
1837 3268 2126 3348 corporis
2175 3270 2251 3328 ab
2299 3274 2563 3349 anima,
2677 3309 2680 3316 ,

1524 3354 1682 3412 ibid.
1770 3352 1903 3413 Cur
1966 3352 2220 3413 Medica
2299 3355 2564 3418 dicatur

1525 3436 1893 3516 Aeschylo,
1969 3436 2150 3496 Rom.
2196 3438 2255 3501 63
2308 3459 2367 3515 7.
2454 3442 2559 3501 Ex

1525 3531 1792 3603 peccato
1842 3530 2056 3580 secuta
2099 3530 2195 3582 est
2222 3569 2238 3598 ,
2304 3524 2444 3585 Ioh.
2490 3529 2554 3587 8:

1522 3620 1627 3678 44.
1688 3606 2085 3684 Stipendium
2137 3612 2379 3685 peccati
2420 3619 2551 3686 est,

1525 3689 1665 3750 loh.
1715 3705 1806 3759 14:
1854 3696 1951 3752 30.
2013 3692 2297 3753 Aeterna
2344 3697 2548 3769 unde,

1527 3775 1708 3848 Rom.
1742 3774 1800 3835 63
1853 3777 1946 3834 16.
2007 3776 2195 3839 Mors
2233 3779 2377 3836 finis
2414 3779 2549 3837 dis-

1520 3860 1924 3939 pensationis
1973 3859 2374 3921 hominibus·
2409 3882 2552 3920 cre-

1524 3944 1739 4020 ditae,
1822 3944 1980 4004 Luc.
2055 3947 2156 4006 ⁷16:
2217 3966 2277 4026 9.
2370 3946 2542 4004 Mors

1517 4029 1714 4088 facile
1761 4029 1914 4087 inde
1964 4031 2289 4107 sequitur,
2360 4031 2415 4087 si
2464 4029 2550 4088 ad

1518 4114 1810 4173 morbum
1859 4114 2125 4172 accedat
2157 4112 2353 4172 animi
2396 4134 2547 4175 onu-

1518 4198 1758 4273 ciatm,
1811 4218 1844 4257 2
1895 4198 2046 4256 Cor.
2089 4218 2146 4257 2:
2196 4217 2253 4274 7.
2489 4223 2494 4228 ·

1554 409 1650 468 tio
1699 410 1771 467 i'n
1831 405 2073 470 Mundo
2115 422 2254 472 esse
2298 411 2562 477 dicitur
2583 432 2623 494 ,‘

427 2767 489 2824 53
543 2778 644 2835 14.
1132 2822 1136 2827 .

383 2848 596 2910 Mores
646 2848 856 2908 oratio
902 2849 1196 2930 profert,
1225 2848 1459 2910 Matth.

432 2953 526 2994 12:
574 2937 676 3006 34.
722 2987 727 2992 ,
766 2933 934 2994 Sunt
984 2936 1191 2995 veluti
1256 2936 1453 2994 animi

423 3027 687 3090 vestes,
761 3018 903 3079 col.
968 3023 1026 3080 3:
1091 3041 1151 3100 9.
1237 3021 1454 3080 Potius

421 3103 824 3180 respiciendi
891 3125 1076 3183 quam
1123 3104 1454 3185 sanguinis

384 3189 773 3268 'cognatio,
842 3189 912 3247 in
981 3189 1228 3264 sacris,
1311 3189 1455 3247 Act.

427 3276 525 3333 15:
551 3275 653 3334 38.
710 3271 1022 3352 Exemplo
1049 3272 1262 3345 noxii,
1295 3272 1454 3331 Luc.

428 3374 525 3416 12:
578 3376 643 3431 1,
690 3374 714 3414 ι
750 3356 901 3415 Cor.
948 3359 1039 3416 15:
1072 3361 1173 3418 33.
1242 3353 1451 3415 Mores

422 3440 627 3521 patris
691 3449 756 3499 et
820 3439 1102 3499 doctoris
1164 3440 1448 3500 indolem

422 3524 743 3604 probant,
791 3522 931 3583 Ioh.
977 3527 1036 3583 8:
1083 3528 1183 3600 37.
1240 3524 1450 3584 Mores

416 3609 789 3689 personati,
837 3607 1066 3666 Matth.
1110 3607 1169 3669 6:
1200 3628 1259 3668 2.
1318 3608 1448 3668 No-

309 3689 315 3696 ’
419 3700 644 3750 tantur
684 3692 755 3751 hi
793 3714 829 3751 a
854 3693 1110 3753 Iudaeis
1135 3713 1248 3774 per
1275 3713 1448 3753 com-

415 3778 820 3856 parationem
887 3776 1100 3858 operis
1173 3777 1446 3852 albarii,

420 3860 653 3920 Matth.
712 3866 812 3924 23:
862 3881 963 3942 27.
1052 3861 1265 3921 Mores
1327 3862 1444 3923 Le-

419 3965 527 4025 ges
571 3948 1018 4025 perduxerunt
1054 3946 1129 4004 in·
1165 3954 1440 4025 potesta·

379 4037 547 4087 ‘tem
615 4050 837 4106 suam,
931 4029 1157 4089 Matth.
1227 4049 1320 4109 ¹9²
1385 4044 1444 4101 4.

415 4111 661 4172 Morum
733 4114 1084 4175 ordinandi
1140 4115 1445 4194 cuiusque

417 4204 484 4256 et
554 4198 720 4274 apud
802 4199 1074 4259 Iudaeos
1144 4207 1210 4258 et
1277 4201 1445 4278 apud

415 4279 825 4341 Christianos
869 4284 1010 4343 fieri
1048 4283 1295 4342 solebat
1331 4305 1443 4343 ex·
1482 4282 1649 4341 Mors
1699 4282 1884 4341 nobis
1940 4281 2047 4341 via
2099 4281 2543 4361 adgloriam,

416 4365 699 4446 ploratio
727 4412 745 4441 ,
821 4375 887 4428 et
952 4367 1314 4446 quomodo,
1413 4388 1433 4427 1
1521 4366 1765 4426 Christi
1809 4366 2145 4445 exemplo,
2179 4365 2415 4447 Luc.9:
2448 4371 2548 4428 31.

417 4452 588 4512 Tim.
624 4454 681 4513 3:
721 4471 819 4511 ιο.
880 4451 1129 4512 Morum
1176 4471 1440 4533 corrup·
1520 4450 1813 4510 Christus
1870 4449 1929 4509 ei
2000 4449 2352 4516 dominium
2395 4453 2548 4511 acle-

2384 4535 2540 4610 mit,
