2779 5085
643 242 1086 306 ’111111311
1171 265 1271 305 121
1357 243 2019 311 vssnssonuu.
2194 284 2207 295 .
2330 280 2459 346 213

261 400 523 460 Salome
563 409 774 462 mater
812 402 1095 462 filiorum
1138 405 1339 464 Zebe-
1415 411 1484 462 et
1522 401 1892 465 hominibus
1926 414 2001 468 ut
2033 418 2461 491 quoi-umeti-

308 486 485 560 daei,
527 487 785 566 eiusque
823 496 886 544 et
922 488 1170 548 Christi
1204 490 1334 549 col·
1416 508 1513 545 am
1566 488 1783 569 aliqua
1819 492 1904 551 ad
1940 492 2067 553 hoc
2113 519 2313 579 opera
2344 524 2457 564 re-

305 570 594 648 loquium
626 592 709 630 ex
739 571 1058 632 relatione
1085 577 1334 655 Aegyp-
1410 573 1745 650 quii-atur,
1805 574 1978 635 Phil.
2026 598 2085 638 21
2140 600 2239 642 12.
2326 587 2452 650 δι-

304 657 586 729 tiorum,
636 654 867 713 matth.
908 675 1009 716 201
1058 676 1163 717 20.
1411 656 1612 715 lutem
1633 658 1920 719 omnium
1936 661 2233 725 Christus
2257 672 2447 733 unice

255 739 572 797 Salomon
608 739 818 797 dictus
851 739 979 798 snit
1004 743 1200 800 etiam
1236 743 1334 802 Ie·
1411 739 1772 817 desiderat,
1806 743 1952 803 Ioh.
1976 752 2211 823 12:433
2248 755 2446 816 etiam

301 823 513 881 didias
540 868 560 896 ,
611 822 839 882 matth.
865 829 1098 886 23135.
1142 829 1336 886 Anno
1407 844 1631 883 eorum
1689 827 1801 906 qui
1858 849 1992 888 non
2049 846 2444 917 servantur,

299 907 382 965 ab·
450 907 632 965 exitu
697 907 1333 988 quadringentesimo
1409 907 1551 968 lob.
1591 912 1654 969 51
1700 914 1803 980 34.
1888 912 2067 973 Nulli
2127 918 2213 977 ad
2257 921 2444 984 illam

251 1038 258 1043 .
295 992 731 1071 octuagesimo
797 995 1105 1072 templum
1176 1017 1326 1055 con·
1403 993 1517 1053 via
1548 1001 1647 1052 est
1666 996 2001 1072 praeclusa
2027 1008 2291 1063 aeterna
2312 1007 2442 1068 Dei

296 1075 513 1149 didit,
580 1075 724 1135 Act.
775 1080 869 1138 131
921 1095 1025 1136 20.
1110 1079 1328 1159 Typus
1405 1078 1869 1138 constitutione
1892 1081 2139 1142 nullam
2158 1083 2441 1151 habente

298 1159 588 1234 Christi,
637 1159 838 1220 Hebr.
890 1179 945 1219 1:
994 1161 1058 1220 6.
1209 1200 1214 1203 ⁴
1400 1180 1703 1237 causam,
1775 1162 1959 1222 Rom.
2016 1187 2078 1245 9:
2148 1174 2247 1243 13.
2330 1175 2438 1235 Ad

249 1242 533 1302 Saltatio
578 1242 1057 1304 non'omnibus
1088 1245 1324 1326 ubique
1396 1254 1691 1307 nostram
1756 1267 1841 1306 an
1908 1251 2188 1313 sufficiat
2262 1259 2436 1335 qnod

245 1329 499 1406 ·tnrpis
525 1372 546 1403 ,
594 1327 828 1387 matth.
868 1348 962 1388 111
1007 1349 1120 1408 17,
1166 1331 1321 1392 Luc.
1399 1328 1698 1389 Christus
1762 1353 1882 1410 pro
1933 1334 2126 1395 nobis
2172 1351 2432 1403 sanctus

294 1415 392 1472 151
439 1415 542 1472 25.
602 1413 994 1473 saltationes
1029 1413 1321 1475 Hebrae-
1393 1411 1632 1490 suerit,
1679 1414 1881 1475 Hebr.
1927 1437 2021 1479 12:
2055 1433 2153 1491 14.
2205 1423 2432 1488 Salute

285 1516 471 1554 orum
532 1495 981 1576 incompositis
1037 1501 1319 1560 numeris
1395 1497 1578 1578 digni
1619 1500 1844 1580 scripti
1888 1502 2199 1566 dicuntur
2238 1508 2311 1568 in
2347 1510 2436 1570 li-

285 1588 635 1655 constant,
684 1581 846 1642 Luc.
890 1602 944 1642 11
987 1583 1093 1653 46.
1393 1581 1513 1641 bro
1552 1583 1764 1658 vitae,
1810 1586 2014 1665 Apoc.
2049 1592 2146 1649 131
2186 1592 2249 1650 8.
2309 1594 2432 1654 Sa-

243 1662 520 1724 Salvare
584 1664 888 1725 dicuntur
944 1667 1058 1725 alii
1106 1668 1268 1727 alios
1294 1715 1315 1745 ,
1389 1665 1528 1725 lute
1572 1667 1853 1726 mundus
1911 1671 2206 1749 impertit
2261 1677 2427 1739 alios

259 1754 440 1828 ‘quos
501 1750 583 1809 ad
613 1824 616 1827 A
650 1750 844 1810 fidem
906 1751 1270 1831 perducunt
1293 1798 1313 1828 ,
1387 1770 1550 1810 sono
1573 1752 1753 1811 vocis
1776 1760 2029 1813 tantum
2055 1800 2076 1830 ,
2104 1765 2171 1815 at
2197 1758 2430 1821 Chris-

286 1851 315 1891 1
370 1832 525 1893 Cor.
568 1854 628 1912 7:
684 1834 782 1893 16.
867 1835 1143 1895 Salvare
1194 1837 1309 1896 tri-
1384 1843 1486 1892 tus
1527 1855 1613 1895 ex
1657 1837 1875 1898 animo
1921 1847 1986 1898 et
2024 1840 2422 1924 efficaciter,

276 1916 497 1977 buitur
553 1918 625 1977 in
692 1918 910 1978 Sacris
957 1942 1072 1978 sno
1124 1921 1314 1980 modo
1384 1918 1533 1977 1011.
1582 1932 1676 1990 141
1726 1940 1829 1999 27.
2406 1971 2411 1976 .

271 2003 471 2077 ⁸etiam
520 2002 931 2078 hominibus,
983 2005 1123 2064 Iud.
1170 2010 1271 2067 23.
1346 2003 1669 2063 Salutaris
1712 2005 2072 2067 vis.omnis
2118 2011 2260 2073 Deo
2308 2012 2427 2075 de-

236 2085 602 2147 Salvatoris
638 2089 864 2146 titulus
903 2089 1215 2148 tribuitur
1248 2100 1310 2150 et
1384 2088 1617 2167 betur,
1663 2087 1805 2149 Iob.
1848 2094 1907 2151 3:
1963 2105 2059 2162 14.

276 2174 418 2230 Deo
433 2171 611 2231 Patri
632 2182 698 2230 et
712 2171 999 2250 Christo,
1022 2193 1046 2233 1
1067 2175 1310 2233 Tim.1.
1344 2171 1685 2232 Salutaudi
1721 2194 1857 2233 mos
1891 2175 2091 2235 Paulo
2129 2177 2421 2240 familia-

278 2255 360 2313 Et
397 2277 641 2335 quare,
687 2258 822 2316 Tit.
855 2272 1001 2334 124,
1045 2258 1309 2320 11111.25.
1383 2257 1521 2332 ris,
1566 2277 1604 2319 2
1647 2255 1877 2318 Τ11033.
1923 2279 1979 2319 11
2029 2280 2090 2322 2.

234 2340 421 2400 Salus
470 2342 639 2400 unde
680 2342 999 2422 pendeat,
1075 2362 1102 2401 1
1156 2344 1307 2403 Cor.
1343 2340 1780 2402 Salutationes
1870 2344 2042 2423 apud
2110 2345 2415 2409 'Orientis

273 2445 332 2504 7:
384 2444 499 2503 ¹93
548 2424 830 2497 hominis
893 2449 1028 2485 11011
1090 2428 1306 2486 estin
1382 2427 1647 2504 populos
1673 2447 2017 2505 operosae,
2046 2428 2203 2490 Luc.
2235 2446 2415 2504 1014.

265 2509 471 2591 ipsius
497 2511 768 2574 arbitrio
797 2511 910 2572 sed
935 2512 1093 2589 Dei',
1122 2511 1303 2571 Rom.
1339 2507 1885 2585 Samaelmiaboli
1903 2533 2162 2590 nomen,
2181 2515 2415 2577 Matth.

266 2615 327 2674 9:
383 2595 478 2654 16.
543 2595 828 2656 Aeterna
876 2618 1008 2657 non
1050 2598 1336 2662 obtine-‚
1378 2597 1478 2655 251
1528 2598 1632 2657 33.
1696 2596 1840 2676 Ipse
1886 2597 2201 2660 Hebraeis
2249 2602 2415 2661 dici·-

267 2687 377 2738 tur
423 2679 551 2738 nisi
595 2701 708 2759 per
752 2681 941 2741 fidem
989 2690 1055 2741 et
1096 2682 1298 2742 dilec-
1372 2687 1480 2738 tur
1510 2677 1751 2741 habere
1776 2682 2117 2763 imperium
2141 2687 2407 2766 mortis,

268 2763 512 2823 tionem
553 2765 903 2841 efficacem,
952 2767 1086 2825 Iac.
1114 2786 1168 2827 21
1204 2781 1300 2837 14.
1377 2761 1577 2824 Hebr.
1617 2783 1677 2826 2:
1733 2779 1829 2837 14.

266 2846 553 2908 Aeterna
594 2850 899 2929 alterius,
949 2852 1298 2909 commodis
1333 2847 1676 2908 Samanaei
1741 2849 2101 2930 sapientum
2165 2874 2408 2915 nomen

265 2935 510 2993 nostris
575 2934 839 2992 multum
899 2933 1295 3013 praeponde-
1373 2931 1544 3009 apud
1610 2933 1854 3008 Indos,
1925 2933 2083 2994 Luc.
2154 2957 2217 3017 9:
2300 2939 2406 2999 61.

239 3025 370 3076 ·rat
400 3061 417 3090 ,
469 3036 493 3076 1
529 3020 703 3078 Cor.
751 3022 810 3078 8:
866 3023 984 3095 13,
1037 3037 1132 3078 101
1181 3022 1294 3093 33,
1370 3014 1544 3086 Quid
1579 3016 1673 3074 eis
1723 3017 2090 3094 proprium,
2136 3019 2300 3079 ibid.

221 3135 226 3140 ¹
264 3100 436 3161 Phil.
483 3122 535 3164 11
576 3117 638 3176 4.
1330 3097 1623 3157 Samaria
1687 3119 2001 3177 quaenam
2042 3120 2194 3180 pars
2240 3104 2406 3165 Ter-

221 3184 410 3245 Salns
476 3209 593 3267 pro
674 3188 1019 3248 Salvatore
1044 3231 1064 3260 ,
1140 3184 1295 3245 Luc.
1367 3203 1481 3241 rae
1508 3183 1788 3243 Sanctae
1814 3182 2043 3258 fuerit,
2092 3184 2232 3244 1011.
2253 3199 2316 3257 4:
2336 3201 2402 3260 4.

262 3290 321 3331 2:
373 3275 493 3345 303
557 3260 675 3352 pro
728 3272 954 3353 gratiis
998 3270 1080 3330 ob
1121 3270 1291 3327 salu·
1367 3265 1619 3328 Nomen
1664 3267 1741 3326 ab
1788 3267 1948 3326 urbe
2006 3267 2166 3327 olim
2208 3273 2400 3352 regni

260 3364 388 3415 tem
437 3359 720 3438 acceptis
748 3401 767 3432 ,
836 3359 1036 3436 Apoc.
1082 3375 1141 3432 7:
1196 3372 1291 3413 10.
1365 3352 1574 3431 capite
1629 3352 1926 3432 accepit,
1971 3351 2181 3430 ibid.,
2250 3357 2399 3419 Act.

259 3437 502 3499 Salutis
551 3441 874 3501 vocabulo
932 3439 1087 3519 quid
1134 3458 1286 3497 con·
1363 3438 1423 3496 8:
1470 3439 1531 3496 5.
1618 3436 2402 3518 Receptaculumludae-

254 3525 583 3601 tineatur,
631 3527 833 3587 Marc.
875 3523 1105 3584 16116.
1172 3523 1288 3582 Sa·
1362 3541 1549 3580 orum
1614 3520 2175 3600 delinquentium,
2240 3523 2402 3585 Luc.
2470 3583 2473 3590 ,

250 3608 411 3668 lutis
458 3609 752 3687 initium,
802 3608 1091 3689 cognitio
1139 3626 1286 3687 pec-
1367 3621 1465 3683 172
1499 3607 1599 3664 18.
1654 3605 1996 3665 Transitus
2040 3607 2396 3688 petentium

256 3693 384 3751 cati
410 3736 428 3766 ,
477 3694 616 3753 Ioh.
651 3716 709 3774 9:
750 3706 853 3763 41.
911 3691 1151 3753 Salutis
1181 3712 1286 3750 ae-
1362 3687 1883 3769 Hierosolymam
1934 3709 2017 3749 ex
2061 3690 2392 3770 Galilaea,

1355 3772 1558 3849 ibid.,
1627 3772 1769 3833 1011.
1828 3787 1889 3845 41
1948 3786 2011 3844 4.
2050 3774 2393 3836 ”Samaria

1356 3857 1569 3939 imago
1630 3857 1977 3935 pravitatis
2023 3866 2090 3917 et
2144 3879 2390 3939 poenae

249 3947 335 4005 tis
376 3945 911 4026 viamquomodo
958 3948 1129 4005 Deus
1164 3967 1283 4004 no·
1359 3940 1852 4021 Hierosolymae
1874 3987 1894 4016 ,
1956 3939 2115 4002 L'uc.
2149 3947 2247 4005 23:
2287 3947 2391 4008 30.

247 4029 351 4090 bis
377 4032 889 4111 praeparaverit,
919 4027 1084 4111 Eph.
1109 4049 1163 4091 21
1186 4050 1210 4090 1
1229 4048 1282 4087 1.
1355 4024 1694 4097 Quomodo
1728 4047 1845 4106 per
1870 4025 2390 4105 Hierosolymam

249 4113 407 4174 Eius
493 4114 980 4195 consequendae
1019 4114 1283 4194 scripta
1355 4110 1741 4186 iustificata,
1792 4110 1977 4170 Rom.
2017 4112 2224 4190 praef.

163 4256 167 4259 Α
247 4209 595 4281 praecepta
637 4200 1005 4260 necessaria
1042 4199 1280 4258 deben-
1317 4195 1670 4256 Samaritae
1705 4216 1940 4255 nomen
1983 4216 2101 4275 pro
2151 4217 2390 4259 summo

247 4292 355 4342 tur
399 4285 521 4363 ipsi
566 4283 872 4361 Christo,
920 4282 1152 4344 Matth.
1180 4285 1276 4344 281
1355 4281 1597 4360 probro
1637 4279 1897 4340 Christo
1941 4280 2315 4360 impositum,
2355 4303 2393 4342 a

124 4385 154 4397 ²
246 4385 349 4427 20.
434 4366 580 4429 Ε1113
625 4368 921 4451 operatio
967 4367 1281 4427 adscribi·
1356 4365 1650 4444 Iudaeis,
1716 4365 1873 4426 Luc.
1935 4384 2032 4426 10:
2082 4367 2183 4428 33.
2271 4365 2396 4427 Sa·

242 4460 349 4513 tur
389 4454 528 4514 De‘o
569 4464 645 4523 ut
687 4475 913 4518 causae
953 4448 1279 4538 principi,
1316 4449 1627 4596 ”mg-¹2⁸⁸
1702 4448 1974 4510 Chutaei
2038 4470 2153 4511 cur
2200 4468 2266 4590 ad
2284 4449 2393 4509 Iu-

2278 4551 2385 4592 ae-

253 3786 483 3835 ternae
548 3779 659 3860 yia
704 3798 1014 3864 quaenam
1064 3798 1099 3836 a
1145 3779 1284 3835 Deo

254 3860 608 3921 constituta
633 3903 652 3937 ,
700 3863 840 3921 Gal.
881 3866 941 3922 5:
972 3881 1031 3921 2.
1100 3861 1284 3921 Salu-
