2779 5085
381 227 499 290 1'60

1195 218 1720 284 INDEX

407 388 466 446 8:
517 404 577 443 2.
658 376 899 441 Vocari
968 381 1193 441 beatos
1261 381 1431 449 unde
1506 377 1912 461 Astrologiae
2008 389 2075 441 et
2169 381 2547 445 Medicinae

388 478 662 539 -ortum,
720 466 948 525 Mauh.
993 486 1050 546 9:
1110 479 1210 536 24.
1302 465 1429 529 Ex-

403 552 650 612 citandi
711 571 817 609 eos
880 550 963 609 ad
1007 551 1208 610 vitam
1255 551 1429 610 vires

332 639 347 665 ’
399 658 534 696 non
582 636 801 694 deesse
849 637 1032 709 Deo,
1100 634 1270 693 unde
1321 655 1427 713 pa-

397 722 578 793 teat,
627 718 823 778 Hebr.
873 737 965 779 11:
1021 737 1114 778 12.
1201 718 1426 778 Plures

398 806 470 864 in
534 803 734 864 vitam
801 802 1423 871 revocavit,Ch1-is-

398 898 546 963 tus,
614 888 770 946 Luc.
812 907 891 965 ‚72
940 891 1060 949 ,15.
1150 886 1424 966 Sepeliri

399 994 507 1033 eos
559 992 673 1031 cur
718 971 1080 1031 viventium
1124 971 1422 1046 intersit,

406 1077 429 1116 1
479 1057 627 1115 Col·-
674 1058 765 1114 15:
816 1059 920 1125 45.

358 1142 644 1202 Mosaica
689 1140 863 1216 Lex,
904 1139 1057 1200 vide
1102 1139 1239 1199 Lex
1285 1140 1423 1200 Mo-

398 1227 593 1287 saica.

354 1310 562 1369 Moses
627 1308 816 1366 etiam
880 1306 1205 1386 Propheta
1260 1306 1421 1366 dici-

394 1403 535 1466 tur,
591 1391 814 1452 Matth.
855 1414 910 1454 2:
958 1396 1056 1453 25.
1103 1392 1232 1450 Cur
1276 1393 1422 1450 aliis

396 1474 735 1555 Prophetis
768 1477 1187 1553 praeferatur,
1221 1495 1242 1533 1
1273 1476 1423 1534 Cor.

402 1566 497 1623 13:
554 1578 647 1619 12.
734 1560 1000 1640 Sprevit
1060 1561 1189 1618 dici
1249 1562 1421 1630 filiu-s

394 1644 734 1722 adoptivus
784 1647 958 1704 filiae
1020 1645 1374 1705 Pharaonis
1404 1690 1419 1715 ,

396 1728 597 1789 Hebr.
644 1746 739 1789 11:
790 1743 889 1799 24.
956 1729 1260 1807 Eruditus
1301 1729 1423 1787 suit

393 1813 571 1872 omni
596 1815 917 1892 sapientia
937 1812 1419 1893 Aegyptiorum,

394 1900 538 1958 Act.
588 1917 645 1975 7:
693 1918 791 1959 22·
879 1898 1198 1957 Mediator
1248 1898 1421 1961 inter

393 1985 599 2042 Deum
647 1990 713 2042 et
757 1984 1053 2063 populum
1106 1983 1417 2042 Israeliti-

1479 465 1736 545 peritia
1775 465 2016 544 passim
2059 478 2358 545 apparet,
2387 469 2540 528 Act.

1502 570 1560 628 7·
1612 567 1715 609 22.
1799 548 1954 608 Eius
1992 552 2421 628 patrocinium
2461 575 2542 611 a·-

1503 634 1631 712 pud
1697 636 1902 701 Deum
1956 633 2174 694 Iudaei
2225 646 2534 715 sperant,

1500 716 1668 777 Ioh..
1704 720 1765 778 5.
1834 720 1939 787 45.
2061 712 2215 777 Eius
2299 682 2536 799 hymni

1500 801 1776 881 quales,
1818 802 2031 861 ICor.
2071 815 2166 873 14:
2209 801 2309 862 26.
2370 803 2532 863 Eius

1499 887 1739 945 statuta
1788 884 2146 947 Christiani
2208 888 2401 967 primi
2445 909 2535 947 ex

1469 1034 1474 1039 ,
1500 971 1750 1030 Iudaeis
1790 971 2140 1029 noluerunt
2165 973 2489 1051 negligere
2508 1019 2531 1051 ‚

1501 1053 1729 1115 Matth.
1759 1068 1869 1124 ⁴24:
1918 1073 2020 1113 2ο.
2104 1054 2260 1113 Eius
2301 1077 2530 1135 preces

1497 1139 1713 1218 gladio
1759 1139 1981 1197 omnia
2021 1140 2269 1198 secanti
2300 1162 2529 1218 pareS,

1499 1222 1696 1281 Hebr.
1754 1236 1815 1293 4:
1891 1240 1987 1284 12.
2072 1222 2226 1282 Eius
2287 1224 2532 1284 dictum

1499 1306 1576 1365 de
1643 1308 2155 1367 circumcisionis
2207 1309 2530 1369 ·nullitate

1496 1400 1561 1450 et
1629 1411 1805 1451 nova
1871 1400 2211 1468 creatura,
2301 1392 2536 1452 Mauh.

1498 1496 1597 1553 27:
1647 1479 1706 1534 8.
1798 1475 2149 1554 Praecepta
2210 1476 2341 1535 eius
2412 1481 2528 1556 qui

1496 1569 1758 1629 tantum,
1809 1561 2228 1639 exsequitur,
2289 1561 2344 1620 ei
2411 1563 2535 1620 ad·-

1495 1642 1620 1702 huc
1642 1645 1886 1723 aliquid
1910 1646 2110 1717 deest,
2140 1644 2319 1703 Rom.
2345 1649 2438 1706 13:
2457 1649 2530 1705 8.

1499 1728 1743 1808 Corpus
1765 1732 1903 1789 eius
1931 1728 2206 1789 Michael
2230 1729 2534 1789 Archan-

1495 1814 1672 1891 gelus
1746 1813 2040 1879 volebat,
2080 1813 2470 1883 abscondere
2501 1859 2528 1889 ,

1496 1897 1807 1957 Diabolus
1884 1898 2180 1963 veroin
2242 1898 2525 1971 medium

1494 1981 1787 2059 proferre
1815 2002 1926 2040 cur
1946 1982 2234 2042 voluerit
2250 2026 2270 2057 ,
2296 1982 2437 2042 Iud.
2461 2004 2529 2061 9.

398 2087 539 2125 cum
568 2111 587 2140 ‚
638 2067 775 2126 Gal.
816 2071 873 2127 3:
928 2085 1025 2147 19.
1114 2068 1239 2129 Pro
1281 2070 1420 2125 Deo
1457 2065 1651 2124 Mosis
1709 2065 2082 2145 Scripturae
2134 2075 2200 2125 et
2249 2067 2531 2146 Aposto—

398 2153 748 2230 spopondit
804 2152 874 2209 in
945 2152 1108 2231 Lege
1172 2151 1417 2223 veteri,

1493 2149 1607 2207 lici
1636 2149 1821 2209 verbi
1851 2150 2284 2227 comparatio,
2307 2172 2343 2210 2
2372 2151 2531 2211 Cor.
2605 2158 2610 2161 ⁴

393 2234 593 2295 Hebr.
640 2256 698 2312 7·
742 2254 841 2296 22.
905 2235 1035 2294 Cur
1081 2233 1415 2293 historiam
1493 2236 1551 2292 3:
1602 2233 1663 2291 6.
1726 2234 1888 2293 Mosi
1931 2254 2044 2313 per
2091 2237 2528 2313 comparatio-

394 2318 794 2391 Abrahami,
865 2317 1120 2393 Isaaci,
1191 2317 1412 2376 Iacobi
1492 2337 1636 2375 nem
1662 2317 2008 2397 opponitur
2037 2317 2354 2391 Christus,
2377 2318 2529 2377 Ioh

391 2412 459 2464 et
488 2401 749 2482 Iosephi
790 2404 1036 2491 legibus
1066 2401 1197 2461 suis
1233 2422 1413 2481 prae-

1498 2417 1553 2460 Ι·
1611 2415 1734 2470 14.
1768 2401 2104 2470 Quomodo
2140 2402 2201 2459 ei
2239 2401 2413 2459 dicta
2449 2412 2527 2461 et

390 2489 723 2568 posuerit,
773 2484 957 2545 Rom.
996 2500 1056 2557 4.
1098 2490 1201 2548 25.
1289 2484 1418 2544 Cur
1490 2485 1665 2544 sacta
1726 2484 1851 2544 Dei
1907 2484 2225 2548 nonnulla
2273 2486 2528 2545 adscri-

392 2573 602 2631 dictus
630 2575 800 2631 Deus
833 2571 1220 2643 Pharaonis,
1250 2568 1418 2628 Phil.

390 2675 450 2717 2:
501 2655 564 2713 6.
635 2655 756 2713 Dei
805 2656 1064 2713 nomine
1111 2654 1413 2732 populum

388 2739 817 2799 Israeliticum
887 2738 1216 2817 alloquens
1303 2758 1416 2800 cur

282 2813 286 2820 ’
387 2822 605 2883 velum
676 2820 975 2882 habuerit
1029 2822 1238 2883 vultui
1304 2843 1415 2901 op-

388 2914 700 2988 pansum,
755 2924 779 2967 1
826 2907 978 2967 Cor.
1018 2925 1112 2967 11:
1146 2925 1203 2965 2.
1258 2905 1415 2964 Eius

386 2991 602 3071 fulgor
664 2999 731 3050 et
772 2994 989 3052 velum
1036 2989 1190 3071 quid
1232 3012 1412 3069 prae-

389 3076 791 3154 figurarent,
872 3096 910 3137 2
979 3077 1127 3136 Cor.
1188 3079 1244 3136 3:
1320 3079 1416 3134 13.

391 3158 634 3220 Fidelis
674 3170 934 3220 curator
966 3162 1163 3219 totius
1192 3160 1413 3220 domus

389 3244 691 3319 Domini,
740 3244 938 3304 Hebr.
979 3250 1036 3306 3:
1082 3264 1141 3305 2.
1226 3244 1409 3306 Tem·

385 3328 631 3408 porat-ii
656 3330 828 3407 pacti
852 3331 1190 3398 mediator,
1218 3326 1413 3390 Hebr.

396 3429 491 3472 12:
560 3416 659 3473 25.
745 3412 821 3473 In
885 3421 1180 3494 serpente
1231 3412 1408 3470 exal-

1492 2569 1757 2643 bantur,
1812 2567 2036 2626 Matth.
2059 2572 2119 2629 5:
2150 2575 2251 2632 31.
2295 2570 2523 2630 Mosen

1487 2654 1687 2713 fuisse
1753 2653 2203 2713 absconditum
2255 2674 2290 2734 3
2336 2676 2522 2714 men-

1490 2737 1665 2797 sibus
1713 2759 1846 2819 ⁴per
1894 2738 2084 2796 fidem
2135 2759 2183 2817 a·
2232 2740 2523 2819 parenti-

1490 2822 1659 2881 tibus
1724 2822 1900 2897 suis‚
1988 2820 2186 2882 Hebr.
2250 2841 2346 2888 11:
2414 2842 2520 2905 23.

1493 2906 1623 2968 Cur
1667 2906 2003 2965 Israelitae
2063 2928 2100 2965 a
2146 2910 2284 2967 Deo
2327 2908 2517 2967 rede-

1489 3000 1708 3050 untem
1774 3012 1907 3050 non
1968 2992 2289 3056 audebant
2336 3012 2522 3054 acce-

1491 3075 1643 3134 dere
1671 3120 1691 3151 ,
1731 3096 1768 3135 2
1796 3075 1954 3152 Οοῐ.
1985 3095 2040 3155 3:
2082 3095 2142 3153 7.
2228 3076 2520 3135 Didicis-

1490 3181 1557 3218 se
1602 3160 1911 3237 quaeda-m
1973 3160 2310 3239 praeteriti
2355 3169 2518 3218 tem-

1488 3245 1663 3322 poris
1713 3265 1824 3323 per
1866 3244 2334 3316 ‚revelati-onem
2372 3265 2517 3306 cre-

1489 3328 1687 3386 dibile
1752 3336 1893 3404 est,
1970 3348 1996 3390 1
2031 3329 2222 3388 {Cora
2251 3348 2360 3398 ⁸11:
2409 3333 2516 3389 25.

1488 3411 1711 3471 Mosen
1772 3411 2074 3490 legebant
2149 3407 2560 3497 Christiani!

386 3497 589 3557 tando
663 3495 930 3575 figuram
1003 3498 1210 3555 crucis
1275 3516 1415 3554 ser-
1483 3495 1555 3554 in
1580 3496 1710 3554 suis
1739 3496 2162 3556 conventibus
2188 3519 2301 3577 per
2328 3518 2517 3556 omne

387 3602 575 3641 vasse
630 3581 916 3657 dicitur,
982 3577 1139 3641 Ioh.
1187 3584 1245 3641 3:
1317 3594 1414 3650 14.

1489 3579 1932 3655 sabbathum,
1977 3602 2154 3642 more
2200 3582 2510 3662 antiquO,

362 3666 599 3725 -Moses
646 3675 711 3725 et
757 3666 989 3726 Paulus
1036 3686 1414 3744 comparan-
1487 3664 1633 3723 Act.
1683 3668 1780 3727 15·
1825 3682 1925 3725 21.
2223 3713 2230 3718 »

384 3760 536 3825 tur,
591 3739 767 3809 Rom.
817 3768 872 3811 1:
926 3767 999 3825 1,
1050 3750 1201 3816 Gal.
1234 3767 1287 3809 1:
1317 3766 1413 3828 17.
1451 3732 1784 3808 Muliebris
1821 3770 2006 3808 sexus
2042 3770 2157 3829 per
2198 3771 2264 3810 se
2287 3751 2510 3826 ferox,

386 3835 531 3915 Ipse
574 3843 642 3894 et
686 3834 863 3895 Elias
929 3834 1235 3894 videntur
1300 3856 1413 3914 ap-
1491 3849 1517 3893 1
1579 3833 1748 3894 Tim.
1808 3852 1865 3894 2.

1971 3833 2267 3894 Muliebr
2230 3855 2272 3891 1
2328 3835 2512 3892 obse-

384 3920 674 3999 paruisse
736 3920 1081 4000 Discipulis
1143 3929 1302 3978 vero
1350 3928 1413 3977 et
1486 3916 1637 3997 quio
1695 3901 2157 3995 accensentur,
2222 3917 2506 3991 ablutio,
2574 3963 2584 3971 .

386 4024 497 4061 suo
545 4025 859 4082 corpore,
924 4002 1156 4064 Matth.
1207 4021 1303 4079 17.
1330 4007 1415 4063 5.
1485 4001 1715 4080 pedum
1765 4003 2010 4062 unctio
2029 4012 2093 4061 et
2146 4001 2455 4062 osculatio
2484 4045 2509 4078 ‚

275 4093 279 4098 ’
390 4085 520 4146 Sed
566 4087 772 4167 gloria
813 4088 993 4169 quasi
1037 4108 1157 4169 pro
1194 4096 1418 4148 mutuo
1492 4086 1646 4144 Luc.
1694 4107 1752 4165 7:
1801 4090 1902 4147 38.
2097 4111 2100 4112 ⁷

391 4170 579 4245 data,
643 4172 803 4232 ibid.

1451 4170 1681 4230 Mulier
1727 4171 1827 4228 sui
1872 4169 2145 4229 Domina
2189 4186 2323 4228 non
2372 4177 2511 4244 est,

346 4252 545 4314 Mosis
588 4258 752 4315 mira
803 4265 1107 4317 venustas
1157 4276 1416 4335 praesa·
1492 4254 1690 4314 Marc.
1730 4272 1825 4316 10:
1871 4271 1967 4315 12.
2041 4251 2332 4311 Mulieris
2369 4274 2514 4333 spe-

386 4339 556 4419 gium
602 4341 884 4400 melioris
911 4339 1416 4413 indolis,Hebr.
1493 4341 1589 4397 cie
1661 4339 2048 4398 describitur
2110 4336 2402 4398 Romana
2447 4346 2516 4396 et

394 4442 489 4485 11:
554 4430 652 4488 23.

761 4425 917 4486 Eius
1007 4425 1079 4484 in
1168 4424 1415 4507 legibus
1489 4421 2292 4505 Babylonicadominatio,
2313 4424 2512 4505 Apoc.

2422 4525 2524 4594 ¹7³.
