2779 5085
601 214 989 289 RERUM
1082 244 1185 287 ω
1272 208 1927 292 vssnss'onnm.

188 406 308 453 10.
401 389 726 451 Malorum
772 385 1251 467 conspiratione

184 477 422 537 facile
450 473 900 554 opprimuntur
920 516 938 547 ,
967 473 1122 532 Luc.
1149 475 1247 533 233

196 565 326 623 31.

2270 258 2352 321 29

1784 391 1859 453 C.

426 561 670 638 Sponte
728 558 1019 631 faciunt,
1087 557 1254 635 quod
1293 555 1662 618 Cabalistae
1705 557 1980 621 Hebraei
2019 559 2361 625 imitantur

195 646 465 725 reliqui
490 645 569 705 ob
592 644 838 722 legem,
871 658 899 701 1
933 643 1106 702 Tim.
1130 658 1256 720 1:9-
1332 641 1699 702 Platonicos
1748 654 1814 703 et
1857 645 2259 706 Christianos
2284 650 2359 707 in

204 730 682 808 Suspectiores
759 746 1009 806 semper
1074 746 1255 806 quam
1336 728 1391 785 Τ
1399 728 1667 786 rinitate
1714 730 1999 803 Divina,
2049 731 2188 793 Ioh.
2217 750 2270 793 1:
2301 752 2363 793 2.

204 816 434 892 mali,
505 811 739 872 Matth.
798 825 895 881 14:
948 815 1009 872 3.
1093 811 1258 870 Boni
1338 810 1576 871 Eorum
1635 812 1904 872 traditio
1954 816 2032 874 de
2077 824 2361 895 tempore

168 900 366 958 “viri
427 898 738 978 quidam,
800 895 1062 975 quidam
1104 897 1260 955 satis
1335 895 1744 956 liberationis
1795 956 1807 963 ,

1826 919 1945 978 per
2021 900 2321 960 Messinm
2341 946 2365 979 ,

208 983 434 1057 boni,
478 983 682 1061 Apoc.
722 1000 781 1040 2:
810 999 871 1040 2.
930 978 1098 1039 Boni
1132 980 1258 1040 viri
1339 979 1571 1040 Matth.
1615 980 1715 1042 26:
1757 1000 1819 1045 2.

218 1068 572 1147 aequiores
617 1065 867 1125 iudices
893 1109 913 1139 ‚
970 1062 1111 1123 Ioh.
1161 1081 1257 1125 10:
1300 1065 1596 1124 Cadaver
1618 1073 1886 1146 tangere
1911 1066 2229 1146 impurum
2256 1068 2370 1130 Iu·-

221 1153 341 1214 16.
426 1150 624 1210 Bonis
673 1148 974 1210 doctrina
1011 1149 1256 1221 facilis,

220 1236 379 1298 loh.
424 1257 479 1315 7:
536 1252 635 1311 17.
720 1233 917 1292 Bonis
964 1242 1033 1292 et
1074 1234 1258 1293 malis

222 1324 413 1382 Deus
439 1320 624 1380 novit
646 1319 778 1393 uti,
822 1339 860 1379 2
887 1318 1055 1377 Tim.
1078 1339 1136 1379 2:
1162 1337 1260 1378 20.

227 1403 436 1464 Bonis
503 1404 709 1462 malos
764 1404 1095 1462 immixtos
1149 1424 1261 1461 cur

228 1489 531 1549 Christus
558 1488 725 1549 velit
747 1487 828 1546 ad
850 1487 1077 1546 iudicii
1096 1497 1258 1547 tem-

223 1595 349 1654 pus
373 1574 748 1633 tolerandos
763 1616 781 1645 ,
798 1571 1030 1632 Matth.
1048 1589 1074 1631 Ι
1086 1575 1143 1633 33
1159 1587 1197 1643 4
1210 1591 1232 1633 1
1246 1613 1259 1629 .

231 1656 439 1718 Bonis
473 1659 658 1736 pauci
691 1665 965 1733 nocent,
1017 1674 1044 1717 1
1088 1657 1259 1717 Petr.

228 1747 297 1804 3:
354 1744 452 1802 13.
538 1741 730 1801 Bonis
784 1761 935 1800 suae
982 1742 1258 1817 virtutes

225 1835 544 1899 manent,
595 1826 748 1885 Luc.
794 1825 889 1885 16:
938 1845 1040 1886 22.

1337 1150 1515 1208 daeis
1540 1159 1605 1209 et
1630 1151 1775 1209 aliis
1797 1152 2115 1230 gentibus,
2131 1152 2368 1214 Matth.

1337 1239 1397 1294 8:
1447 1252 1568 1308 223
1614 1234 1685 1293 iu
1730 1236 1899 1316 Lege
1946 1246 2087 1296 erat
2129 1258 2367 1315 pecca-
2427 1310 2432 1319 ρ

1337 1328 1466 1377 tum
1493 1363 1511 1392 ,
1558 1319 1790 1379 Matth.
1833 1325 2065 1397 27:51.
2131 1323 2228 1381 De
2257 1342 2370 1381 ca-
2443 1340 2454 1350 ·

1338 1404 1579 1463 davere
1643 1414 1892 1482 sumpta
1960 1406 2366 1486 similitudo,

1337 1487 1569 1548 Matth.
1598 1502 1696 1560 24:
1728 1492 1830 1549 28.
1894 1489 2235 1552 Cadavera
2264 1492 2368 1550 la·-

1335 1574 1662 1632 vabantur
1710 1594 1747 1631 a
1800 1576 2156 1654 proximis,
2218 1577 2368 1634 Act.

1335 1678 1395 1735 9:
1424 1662 1542 1734 373
1587 1658 1733 1716 loca
1765 1659 1971 1717 vetita
2004 1660 2367 1718 reddebant

1333 1743 1588 1821 impura
1610 1743 1781 1821 apud
1804 1743 2110 1820 Iudaeos,
2133 1741 2368 1831 Matth.

1333 1830 1394 1886 5:
1445 1844 1547 1888 22.

185 1910 468 1972 Bonitas
492 1912 620 1969 Dei
634 1910 815 1985 ,vide
835 1911 960 1970 Dei
980 1911 1257 1971 bonitas.
1297 1910 1546 1968 Cadere
1591 1910 1662 1968 in
1712 1911 2073 1993 Evangelio
2117 1913 2226 1990 qui
2264 1913 2371 1973 di·-

185 1995 452 2073 Bonum
495 2003 560 2054 et
596 1993 926 2054 honestum
948 2039 968 2070 ,
1018 1997 1172 2056 Luc.
1197 1999 1253 2055 8:
1337 2001 1570 2053 cantur
1596 2040 1617 2072 ,
1664 1994 1825 2053 Luc.
1863 2017 1918 2055 2:
1948 2001 2050 2068 34.
2119 1999 2368 2059 Cadere

235 2083 341 2140 15.
423 2078 673 2138 Bonum
716 2088 1050 2152 nostrum,
1099 2081 1254 2140 Luc.
1334 2089 1583 2138 montes
1632 2079 1935 2139 dicuutur
1961 2124 1981 2155 ,
2026 2080 2137 2138 ubi
2182 2102 2366 2141 arces

234 2164 339 2225 16:
410 2181 507 2225 12.

611 2162 861 2225 Bonum
928 2166 1253 2244 publicum
1331 2172 1750 2239 evertuntur,
1779 2165 1979 2243 Apoc.
2009 2167 2193 2225 1333.
2241 2165 2368 2223 Ca-

228 2257 598 2330 praetextus
663 2269 850 2328 saepe
919 2250 1105 2309 malis
1132 2276 1135 2279 ·
1176 2252 1254 2309 ad
1334 2249 1484 2308 dere
1510 2270 1629 2327 pro
1655 2269 1924 2327 peccare
1947 2294 1964 2322 ,
1996 2248 2179 2309 Rom.
2200 2251 2262 2310 5:
2292 2269 2365 2326 25

230 2334 636 2407 nocendum,
685 2332 829 2393 Ioh.
870 2350 967 2395 12:
1018 2351 1117 2395 10.

187 2417 402 2479 Bonus
471 2418 775 2499 princeps
822 2419 1070 2497 quoties
1119 2439 1253 2478 sae-

224 2524 346 2564 vus
432 2504 684 2584 cogitur
757 2523 943 2578 esse,
1034 2504 1255 2579 dolet,

229 2609 271 2649 2
313 2589 461 2649 Cor.
508 2607 565 2649 2:
607 2592 667 2650 3.
728 2589 946 2649 Bonus
985 2590 1092 2650 vir
1124 2610 1253 2649 non

1329 2355 1448 2411 pro
1495 2333 1851 2411 pudefieri,
1909 2335 2068 2393 Luc.
2112 2351 2213 2395 21:
2262 2334 2367 2396 36.

1335 2417 1582 2478 Cadere
1628 2419 1842 2480 verba·
1880 2418 2184 2479 dicuntur
2233 2418 2368 2480 He-

1331 2502 1546 2562 braeis
1570 2548 1588 2575 ‚
1623 2523 1783 2582 quae
1823 2524 1936 2563 suo
1965 2513 2214 2565 ‘eventu
2253 2524 2367 2564 ca-

1330 2596 1519 2661 rent,
1570 2587 1726 2647 Luc.
1776 2587 1872 2648 16:
1927 2606 2025 2669 17.

227 2673 423 2732 saciet
476 2674 759 2749 malum,
834 2690 862 2734 1
910 2672 1050 2734 Ioh.
1090 2677 1149 2736 3:
1197 2697 1256 2753 9.
1295 2673 1615 2732 Caecilius
1663 2673 2020 2733 libertinus
2055 2673 2164 2752 qui
2217 2693 2363 2733 cum

235 2756 617 2838 Legitimum
700 2758 1033 2837 imperium
1101 2768 1257 2819 voto
1336 2758 1652 2817 Cicerone
1704 2760 1985 2818 certavit
2032 2758 2110 2818 de
2156 2758 2363 2819 Verre

228 2844 506 2921 expetit,
532 2842 973 2924 qualecunque
996 2844 1255 2919 tolerat,
1335 2842 1699 2901 accusando
1721 2842 1992 2903 Iudaeus
2016 2843 2143 2903 fuit
2154 2888 2175 2919 ,
2200 2844 2361 2903 Luc.

234 2927 464 2988 Matth.
510 2947 609 2987 22:
662 2927 759 2987 16.

1332 2928 1475 3000 tit„
1523 2928 1669 2986 Act.
1713 2929 1771 2987 63
1813 2948 1873 3007 9.

194 3011 312 3073 Bos
336 3012 693 3091 patientiae
716 3011 1255 3092 nota‚Apoc.4:7;
1296 3012 1592 3071 Caecitas
1641 3033 1677 3070 a
1730 3010 2075 3072 nativitate
2129 3011 2367 3070 vitium

232 3095 562 3162 tarditatis
604 3105 796 3170 nota,
834 3095 1034 3156 Hebr.
1064 3118 1122 3174 9:
1161 3100 1223 3156 5.
1334 3106 1434 3155 est
1495 3096 1860 3154 insanabile
1887 3139 1906 3169 ,
1997 3093 2140 3154 Ioh.
2193 3114 2254 3172 9:
2309 3110 2370 3152 1.

195 3180 660 3241 Brabeutarum
718 3201 853 3239 mos
919 3182 989 3239 in
1038 3182 1258 3240 distri·
1339 3180 1632 3239 Caecitas
1680 3178 1927 3256 animi,
1974 3177 2115 3238 Ioh.
2158 3199 2219 3258 93
2262 3189 2369 3248 4ο.

158 3269 169 3275 ’
237 3266 508 3327 buendis
535 3265 1262 3345 praemiis‚Phil.3:14.
1339 3264 1636 3324 Caecitas
1676 3272 2087 3342 peccatorum
2155 3282 2321 3322 oena
2345 3306 2368 3339 ,

198 3350 538 3411 Brachium
590 3352 756 3423 Dei,
818 3350 978 3413 Luc.
1032 3367 1085 3410 1:
1133 3354 1209 3412 51
1242 3396 1259 3427 ‚
1336 3350 1477 3411 Ioh.
1521 3370 1586 3429 93
1635 3367 1705 3417 2,
1754 3367 1853 3409 20:
1900 3353 2001 3411 23.
2126 3348 2372 3408 aecita-

236 3435 378 3496 Ioh.
424 3440 655 3497 12338.
718 3434 997 3495 Brachia
1043 3434 1256 3514 signa·
1338 3446 1401 3494 te
1447 3435 1734 3515 percussi
1797 3432 2043 3494 Christi
2101 3433 2367 3509 hostes,

233 3520 333 3595 ri,
380 3519 583 3598 Apoc.
638 3525 735 3584 133
782 3520 879 3579 16.
966 3520 1261 3579 Brachiis
1341 3541 1483 3602 cum
1550 3541 1690 3579 eum
1735 3521 1995 3600 'capere
2066 3519 2365 3591 vellent,

238 3612 303 3663 et
332 3606 601 3683 pedibus
631 3606 824 3666 nudis
851 3603 1074 3685 populi
1097 3605 1263 3663 mul·
1340 3613 1411 3664 ut
1450 3604 1767 3665 Sodomae
1815 3606 2028 3680 cives,
2076 3602 2219 3663 Ioh.
2266 3602 2367 3660 183

236 3688 287 3746 ti
328 3689 688 3764 incedunt,
741 3709 767 3752 1
819 3690 970 3749 Cor.
1020 3706 1117 3749 12:
1163 3694 1263 3751 23.
1337 3703 1411 3762 4,
1459 3691 1523 3748 5.

202 3771 603 3852 Breviarium
649 3773 993 3855 Euangelii
1017 3820 1038 3852 ‚
1103 3773 1263 3834 Luc.
1301 3775 1543 3832 Caecus
1603 3780 1794 3832 natus
1840 3770 2064 3832 mundi
2107 3769 2369 3851 imago,

243 3875 336 3918 11:
385 3876 442 3919 1.
1338 3857 1479 3917 Ioh.
1525 3878 1582 3937 9:
1632 3860 1693 3916 5.
1785 3855 1976 3914 Caeci
2031 3855 2240 3918 sanati
2289 3855 2375 3914 li-

203 3941 434 4022 Byssus
482 3943 556 4002 in
605 3944 831 4004 aulaeo
871 3944 1095 4024 templi
1140 3937 1264 4003 telss
1337 3944 1496 4003 bera
1544 3940 1867 4000 confessio
1918 3936 2071 4000 fidei
2115 3960 2263 3999 suae
2296 3940 2371 3999 in
2443 3997 2446 4000 ,

234 4029 433 4090 lurem
501 4028 954 4107 significabat,
1032 4028 1263 4088 Matth.
1342 4026 1709 4101 Christum,
1759 4023 1899 4085 Ioh.
1929 4046 1987 4104 9:
2022 4045 2120 4085 22.
2179 4024 2376 4085 Caeci

235 4115 478 4189 27:³51.
531 4112 777 4193 Byssus
816 4114 1260 4173 tenuissimum
1341 4133 1457 4171 cur
1517 4130 1635 4189 per
1704 4111 1975 4171 salivam
2025 4131 2061 4169 a
2111 4109 2375 4169 Christo

235 4196 351 4255 lini
399 4218 635 4279 genus,
688 4198 846 4259 Luc.
887 4198 983 4259 16:
1028 4215 1135 4275 19,
1175 4198 1258 4258 A·
1339 4203 1689 4274 sanantur,
1715 4196 2132 4275 Marc.7:33.
2182 4193 2375 4254 Caeci
2440 4242 2447 4249 .

237 4286 372 4360 po'c.
424 4299 480 4345 1:
539 4286 662 4361 13,
718 4286 813 4344 18:
869 4301 967 4345 12.
1345 4282 1651 4342 dicuntur
1695 4280 1911 4359 quiin
1945 4281 2235 4341 tenebris
2271 4278 2379 4338 vi·-

1342 4374 1555 4440 vunt,
1602 4364 1761 4424 Luc.
1805 4378 1865 4434 4:
1913 4369 2030 4439 183
2078 4366 2187 4443 qui
2225 4383 2374 4422 coe-

1318 4452 1531 4513 .lestia
1553 4470 1688 4513 non
1711 4450 1976 4529 vident,
2014 4449 2154 4510 Ioh.
2179 4470 2238 4590 ςί).
2257 4451 2334 4524 39
2350 4489 2380 4520 r

2128 4552 2168 4592 2
2245 4538 2366 4588 etr.
