2779 5085
388 217 513 283 128

418 375 584 437 Luc.
652 372 748 434 133
814 386 879 435 ἰ.
990 369 1181 451 Spem
1265 368 1449 432 abdi·-

402 466 575 520 cant
616 457 696 518 de
732 454 998 531 Messia,
1040 464 1107 516 et
1142 454 1451 518 rebellio-

414 543 520 603 nis
560 563 629 602 se
671 540 1014 615 damnant,
1046 539 1189 605 Ioh.
1221 559 1318 621 193
1351 543 1449 601 15.

413 624 752 705 Quomodo
784 583 1086 685 dicantur
1123 627 1448 705 accepisse

416 709 665 791 aliquid
746 709 823 770 de
915 710 1399 771 resurrectione
1425 756 1446 789 ,

418 793 651 857 matth.
693 796 755 854 53
786 811 886 855 20.
932 794 1063 853 Cur
1094 793 1446 855 excludan-

396 889 522 939 -tur
556 900 594 938 a
633 878 822 938 bonis
869 877 1153 938 aeternis
1195 888 1259 939 et
1300 898 1446 939 coe-

411 963 683 1025 lestibus
709 1006 730 1038 ‚
759 961 943 1024 Rom.
971 979 1026 1023 1.
1068 962 1272 1022 Paulo
1298 964 1443 1023 dum

409 1049 677 1109 student
722 1066 998 1121 nocere,
1042 1048 1274 1107 multos
1300 1067 1442 1126 per·

407 1131 762 1192 trahebant
823 1131 905 1190 ad
975 1129 1443 1211 Euangelium,

412 1216 583 1277 Phil.
636 1232 689 1276 1:
746 1216 843 1275 18.
935 1213 1083 1277 Non
1133 1217 1446 1275 videntur

405 1299 714 1361 habuisse
750 1300 1158 1379 Synagogam
1204 1299 1444 1359 Romae

406 1393 697 1463 tempore
742 1382 968 1458 Pauli,
1015 1386 1298 1445 Acen&
1347 1401 1445 1462 17.

386 1468 692 1549 *Plurimi
748 1468 1007 1547 quando
1080 1468 1442 1528 Christiani

405 1551 619 1627 facti,
671 1551 855 1611 Rom.
905 1568 1006 1613 113
1056 1554 1157 1613 26.
1250 1552 1442 1612 Suum

404 1637 921 1717 exspectandum,
962 1637 1265 1698 Messiam
1311 1658 1442 1696 non

410 1720 745 1783 Christum
772 1765 792 1797 ,
873 1722 987 1781 sed
1068 1722 1441 1782 Delibutum

410 1807 653 1866 Graece
689 1814 928 1866 vocant
954 1850 971 1880 ,
1020 1805 1256 1867 Matth.
1298 1823 1355 1866 1:
1384 1807 1444 1866 6.

408 1889 850 1951 Christianam
885 1890 1269 1971 religionem
1311 1911 1442 1950 am-

403 1975 587 2057 plexi
633 1984 786 2034 ante
821 1973 1289 2054 dispersionem
1329 1996 1444 2055 per

410 2059 773 2120 Adrianum
832 2079 969 2119 11011
1017 2069 1440 2140 perceperant

388 2144 776 2225 *libertatem
836 2163 874 2201 a
935 2142 1129 2224 Legis
1193 2163 1435 2213 onere,

412 2236 561 2290 Act.
624 2245 729 2288 213
783 2244 888 2287 20.
976 2226 1296 2285 Conversi
1356 2186 1439 2285 ad

390 2312 740 2375 ,Christum
788 2309 949 2368 cibis
998 2310 1140 2390 lege
1181 2310 1441 2387 vetitis,

411 2398 561 2458 dum
601 2393 812 2474 patria
858 2392 994 2453 illis
1041 2391 1173 2453 frui
1214 2394 1438 2468 licuit,

407 2502 545 2542 non
589 2478 981 2556 utebantur,
1029 2478 1173 2538 Act.
1216 2496 1309 2539 103
1337 2480 1441 2550 48.

406 2567 477 2626 51
543 2584 629 2625 ex
716 2564 1122 2643 praescripto
1194 2562 1440 2626 Christi

403 2648 684 2721 vivant,
729 2647 869 2726 lege
918 2646 1111 2706 Mosis
1160 2667 1257 2730 'ne
1299 2647 1432 2725 qui·

406 2735 553 2793 dem
614 2740 968 2806 tenentur,
1037 2731 1224 2792 Rom.
1269 2734 1328 2791 83
1384 2748 1441 2792 1.

403 2815 928 2879 Misericordiam
976 2815 1101 2875 Dei
1146 2816 1220 2875 in
1269 2815 1438 2875 Gen·

384 2910 503 2966 ,tes
540 2921 656 2961 cur
696 2920 829 2959 non
864 2908 1043 2960 recte
1086 2909 1437 2975 accusent,

379 2985 549 3048 .loh.
609 2988 668 3046 8:
744 3001 867 3059 ΙΙ,
941 2985 1089 3045 Act.
1164 3002 1261 3046 103
1314 3006 1435 3067 39,

404 3074 507 3132 283
579 3072 680 3129 28.
785 3068 1059 3130 Pessimi
1124 3068 1440 3130 historiae

404 3153 699 3236 magistri
755 3174 837 3215 ex
892 3175 1016 3232 quo
1065 3156 1279 3233 patria
1315 3155 1441 3215 ex·

398 3239 822 3320 pulsiaunt,
880 3237 1121 3297 Matth.
1190 3253 1290 3310 24:
1338 3253 1440 3310 24.

407 3322 540 3384 Cui·
577 3321 805 3381 traditi
833 3322 1082 3383 fuerint
1114 3323 1188 3382 in
1211 3343 1439 3383 manus

407 3407 930 3481 Chaldaeorum,
997 3409 1146 3468 Act.
1212 3427 1272 3484 7:
1335 3420 1440 3477 42.

407 3493 507 3554 06
579 3498 972 3550 contemtum
1057 3489 1435 3562 beneficium

404 3575 578 3652 Dei,
626 3575 785 3634 urbe
818 3582 885 3634 et
907 3565 1149 3653 templo
1174 3575 1436 3651 exciso,

406 3661 594 3721 olim
606 3659 680 3718 in
746 3658 1148 3739 Babylonem
1206 3659 1439 3741 depor-

373 3743 993 3822 .tati,Matth.26:
1041 3742 1147 3802 66.
1211 3741 1438 3804 111011-

404 3830 561 3890 silio
604 3848 684 3908 70
726 3847 1040 3889 annorum
1078 3829 1313 3890 multos
1358 3829 1440 3889 ad

405 3914 837 3995 cognitionem
898 3912 1044 3974 veri
1080 3912 1233 3980 Dei
1291 3935 1439 3994 per-

407 3998 780 4073 duxerunt,
848 3990 1016 4076 Ερ11.
1062 4016 1120 4078 3·
1178 4016 1276 4059 10.
1361 3997 1439 4057 In

404 4080 639 4142 exsilio
656 4041 918 4140 stabant
934 4081 1274 4143 Seniorum
1292 4102 1440 4142 suo-

402 4186 541 4225 rum
582 4164 868 4226 arbitriis
892 4165 1078 4245 quasi
1116 4167 1355 4228 rebus
1334 4186 1436 4225 m-

409 4249 643 4309 dicatis
685 4248 861 4309 inter
885 4261 1106 4330 gentes
1132 4260 1429 4323 exteras,

222 4363 237 4368 ·
356 4333 568 4416 ⁴·‚.Luc
615 4332 675 4392 6.
719 4348 1144 4411 22,12314.
1232 4334 1439 4394 Extra

374 4501 385 4514 Β
404 4417 839 4482 Palaestinam
921 4419 1045 4479 Sen
1058 4429 1196 4480 atus
1285 4440 1437 4486 suos

1216 194 1746 294 {anx

1519 366 1853 433 habebant
1869 410 1891 446 ,
1916 365 2146 430 Μαῖα).
2164 370 2268 433 523
2293 388 2352 431 2.
2385 368 2568 434 Gen·-

1520 455 1682 514 tium
1715 453 1923 513 coacti
1946 453 2118 519 ferre
2143 455 2358 536 iugum
2381 478 2563 519 com-

1521 537 1831 599 mercium
1895 545 2113 599 tamen
2170 540 2557 621 sapientum

1521 643 1784 685 suorum
1823 622 2125 683 instituto
2157 625 2560 687 aversaban-

1519 717 1675 784 tur,
1742 715 1808 768 et
1867 727 2022 782 cur,
2115 708 2260 769 Act.
2324 726 2423 771 10:
2492 728 2554 770 2.

1522 792 1835 863 Gentibus
1896 791 2100 852 invisi
2159 793 2241 853 ob
2284 792 2556 854 institu-

1519 886 1731 937 torum
1779 874 2258 952 diversitatem,
2294 876 2464 959 Eph.
2493 895 2551 940 13

1527 978 1624 1021 10.
1670 962 1849 1020 lnter
1889 969 2146 1021 exteros
2191 962 2275 1024 ad
2312 980 2556 1023 nomen

1522 1043 1855 1105 Iudaicum
1935 1045 2304 1109 adsciscere
2372 1048 2557 1108 soliti

1518 1129 1791 1189 alterum
1855 1127 2170 1190 Graecum
2211 1130 2324 1191 vel
2373 1131 2561 1192 Lati-

1517 1234 1713 1292 num,
1759 1213 1974 1274 Praef.
2018 1214 2091 1281 in
2128 1214 2364 1290 Marc„
2410 1215 2559 1277 Ioh.

1521 1319 1610 1380 3:x
1647 1315 1676 1360 1
1705 1341 1728 1375 ,
1800 1314 1898 1360 11:
1971 1299 2069 1359 16.
2178 1300 2556 1362 Collidendi

1519 1383 1737 1445 multis
1802 1383 2106 1443 caedibus
2175 1385 2560 1465 significan-

1517 1477 1624 1527 tur
1648 1511 1668 1544 ,
1732 1474 1800 1528 et
1841 1468 2098 1546 quando
2142 1467 2270 1528 boc
2309 1469 2556 1529 factum

1520 1553 1604 1610 sit
1661 1560 1728 1612 et
1787 1551 1946 1629 ubi,
2028 1552 2265 1615 Matth.
2324 1572 2428 1635 243
2489 1574 2555 1633 7.

1520 1635 1955 1696 Romanorum
1970 1638 2303 1735 permissu
2339 1640 2408 1698 in
2443 1638 2558 1698 Iu-

1520 1722 1681 1780 daea
1767 1730 1834 1780 et
1917 1721 2159 1781 vicinis
2224 1723 2387 1783 locis
2449 1723 2553 1781 ius

1516 1805 2082 1867 animadvertendi
2124 1807 2194 1867 in
2262 1829 2407 1866 suos
2467 1807 2554 1869 ad

1517 1891 1795 1951 verbera
1832 1911 2030 1971 usque
2070 1889 2402 1952 habebant
2424 1934 2444 1966 ,
2507 1910 2553 1952 2

1522 1975 1675 2034 Cor.
1726 1991 1822 2036 11:
1874 1989 1975 2046 24.
2028 1975 2367 2037 Ponebant
2402 1996 2555 2055 par-
2621 2040 2624 2043 ,

1517 2067 1642 2118 tem
1706 2057 1870 2118 iuris
1931 2060 2159 2119 ntendi
2206 2060 2341 2121 suis
2386 2060 2554 2139 legi-

1517 2143 1632 2200 bus
1657 2141 1744 2200 in
1789 2163 1912 2215 eo,
1957 2163 2041 2202 ne
2086 2143 2244 2223 quid
2289 2145 2554 2224 publice

1513 2226 1709 2285 etiam
1745 2246 1783 2285 a
1818 2226 2125 2286 Romanis
2168 2229 2354 2288 fieret
2374 2226 2550 2308 quod
2621 2246 2630 2249 ·

1514 2319 1764 2389 tempus
1840 2300 2076 2371 festum
2159 2312 2552 2392 dedeceret,

1515 2393 1657 2456 1011.
1687 2411 1781 2475 193
1814 2414 1915 2475 31.
1978 2393 2389 2455 vetabantur
2429 2415 2554 2461 va-

1514 2470 1660 2539 dari
1738 2477 1853 2550 die,
1923 2478 2440 2560 praeparationis
2510 2499 2552 2539 a
2597 2494 2602 2499 ’

1514 2583 1731 2638 nona,
1798 2584 1883 2626 ex
1943 2564 2219 2644 Augusti
2281 2565 2546 2642 edicto,

1514 2647 1745 2708 Matth.
1769 2648 1870 2708 263
1901 2664 1963 2707 2.
2005 2648 2084 2708 111
2121 2647 2371 2709 Achaia
2411 2669 2548 2709 non

1511 2731 1843 2793 habebant
1858 2732 2029 2792 anim
2037 2733 2454 2795 adversiones
2472 2734 2542 2793 111

1512 2817 1850 2896 populares
1913 2838 2061 2877 suos
2087 2862 2107 2894 ,
2186 2818 2405 2898 quales
2471 2819 2544 2884 111

1516 2902 1757 2961 Iudaea
1782 2910 1848 2964 et
1868 2900 2111 2963 vicinis
2133 2902 2542 2983 regionibus,
2641 2960 2654 2966 ,

1515 2988 1662 3046 Act.
1703 2988 1951 3068 18313
1995 2987 2186 3068 Apud
2223 2987 2547 3050 Romanos

1511 3071 1738 3150 quibus
1797 3072 1893 3153 sig
1971 3092 2000 3130 s
2061 3069 2543 3147 noscebantur,

1515 3154 1656 3216 Gal.
1690 3169 1752 3226 43
1785 3176 1851 3237 3.
1898 3071 2006 3216 ΙΙ1ἰ11
1963 3152 2380 3234 npraesidiis
2423 3153 2549 3213 mi-

1513 3240 1724 3299 litiam
1757 3240 1873 3302 sub
1914 3237 2218 3297 Romanis
2255 3257 2387 3314 non
2431 3239 2547 3299 de-

1510 3324 1891 3403 fugiebant,
1939 3321 2101 3382 Luc.
2149 3343 2206 3404 33
2258 3339 2382 3404 14.Δ
2417 3321 2548 3385 Mi·—

1511 3407 1791 3466 litarunt
1851 3427 1987 3465 non
2049 3406 2245 3467 semel
2304 3409 2546 3468 exteris

1512 3490 1846 3571 gentibus,
1890 3490 2055 3552 ibid.
2113 3491 2384 3554 Militiae
2430 3492 2547 3553 ad-

1511 3575 1800 3656 scripti„
1845 3583 1909 3635 et
1954 3575 2155 3636 Roma
2196 3577 2270 3637 in
2325 3577 2548 3637 Sardi-

1511 3659 1684 3722 niam
1732 3659 2139 3735 missi,·ibid.
2206 3661 2421 3742 Usque
2460 3659 2544 3721 ad

1508 3744 1835 3804 excidium
1854 3744 2034 3804 urbis
2059 3744 2427 3807 habuerunt
2445 3755 2549 3804 ta-

1511 3829 1696 3908 bulas
1747 3829 2042 3910 publicas
2088 3840 2540 3908 stemmatum,

1512 3913 1676 3978 ibid.
1695 3911 1701 3923 '
1758 3914 2196 3976 Alexandrini
2240 3935 2354 3994 per
2395 3911 2540 3972 Caii

1516 3997 1812 4059 Caesaris
1838 3998 2153 4059 Divinum
2185 4017 2418 4058 nomen
2442 3996 2544 4057 iu·-

1510 4101 1680 4143 rare
1703 4083 2049 4156 nolebant,
2093 4081 2322 4143 Matth.
2346 4083 2407 4141 53
2438 4094 2542 4162 34.

1512 4167 1899 4228 Peraeenses
1934 4161 2173 4226 bellum
2207 4174 2549 4246 gesserunt

1514 4244 1824 4313 adversus
1865 4249 2412 4329 Philadelphenos
2457 4250 2542 4309 ob

1513 4337 1735 4397 finium
1762 4334 2300 4411 controversiam,
2312 4334 2549 4396 Matth.

1510 4435 1612 4494 243
1662 4443 1724 4502 7.
1811 4420 2013 4480 Roma
2056 4429 2125 4480 et
2166 4439 2249 4481 ex
2295 4419 2544 4500 magnis

2440 4523 2550 4563 ur-
