2779 5085
407 212 528 291 156

442 370 696 437 Iudaeis
757 365 943 429 licita
1002 364 1204 425 fuerit
1263 374 1329 425 et
1383 386 1466 425 an

449 453 809 520 Christiani
872 460 1154 512 veteres·
1198 470 1467 509 consue-

443 547 581 605 rint
659 536 949 598 militiam
1010 535 1129 601 -inx
1158 543 1359 593 totum
1431 557 1465 594 a

448 627 710 689 Christo
781 619 905 681 sibi
967 620 1234 681 vetitam
1280 639 1463 695 esse,

450 714 604 772 Luc·
651 711 706 768 3:
760 719 856 775 14.

399 793 706 861 Militat-is
815 786 1194 867 disciplinae
1281 806 1420 846 mos
1443 832 1464 863 ,

446 877 673 941 Matth.
716 877 772 933 8:
816 893 877 951 9.

400 964 579 1029 Mimi
618 981 730 1040 per
764 954 1108 1015 ludibrium
1138 954 1463 1013 imitantes

442 1040 749 1129 mjsteria
818 1038 1190 1098 Christiana
1252 1040 1464 1096 subito

442 1127 783 1199 conversi,
836 1124 994 1183 Luc.
1042 1136 1132 1193 14:
1175 1126 1274 1183 23.
1344 1122 1462 1180 Mi-

441 1234 687 1278 morum
754 1210 926 1288 dicta
987 1207 1059 1267 in
1122 1206 1461 1266 Comoedis

442 1297 701 1359 Graecis
765 1302 828 1353 et
862 1326 865 1331 ·
894 1290 1143 1351 Latinis
1201 1291 1419 1369 qualia
1443 1337 1462 1368 ‚

408 1381 604 1461 ·Eph.
653 1384 712 1440 5:
760 1390 823 1447 4.

398 1469 698 1531 Minister
730 1459 1057 1521 Ecclesiae
1084 1459 1292 1539 qualis
1326 1478 1463 1518 esse

439 1554 711 1622 debeat,
760 1546 902 1606 Act.
943 1544 1003 1605 6:
1051 1548 1109 1605 3.
1181 1543 1462 1602 Ministri

440 1637 563 1695 Dei
593 1631 1000 1713 appellantur
1029 1648 1249 1687 omnes
1283 1647 1462 1685 crea-

437 1729 667 1791 turae,
728 1714 925 1774 Hebr.
966 1732 1043 1788 ‘n
1091 1733 1149 1790 7.
1238 1711 1462 1769 Minis-

431 1814 679 1863 trorum
719 1820 943 1858 munus
985 1798 1055 1855 in
1100 1796 1460 1876 synagogis

438 1889 857 1959 ludaeorum,
912 1883 1068 1941 Luc.
1107 1893 1168 1950 [μ
1217 1899 1315 1940 2ο.

393 1970 823 2033 Minister-inm
904 1974 1179 2027 vocatur
1255 1964 1461 2023 omnis

436 2056 668 2117 Divini
741 2052 930 2113 verbi
1006 2050 1416 2109 annuntiatio
1444 2093 1459 2120 ,

403 2161 464 2201 ·1
521 2142 694 2200 Petr.
743 2158 793 2197 1:
848 2154 948 2195 12.
1034 2124 1455 2192 Minister-ium

435 2225 630 2285 Musis
696 2242 809 2280 cur
873 2220 1123 2278 dicatur
1181 2216 1458 2294 lapideis

431 2309 672 2369 tabulis
736 2304 1153 2380 inscriptum,
1223 2318 1256 2355 2
1308 2299 1460 2357 Cor.

408 2398 496 2455 ’δι
542 2412 600 2468 7.
689 2385 1113 2447 Minister-ium
1156 2383 1289 2441 vile
1326 2404 1454 2440 non

434 2479 828 2545 detrectare,
863 2489 1132 2551 magnae
1166 2467 1452 2525 dilectio-

430 2563 534 2621 nis
576 2566 712 2631 est,
757 2555 899 2615 Ioh.
942 2559 1032 2616 13:
1067 2575 1090 2611 1
1121 2596 1138 2626 ,
1174 2566 1268 2620 1-4.
1338 2550 1449 2607 Mi-

426 2642 761 2705 nister-ium
816 2658 955 2699 esse
1005 2636 1243 2696 desinit
1288 2635 1452 2713 quod

430 2729 506 2789 fit
550 2723 777 2784 affectu
812 2722 1045 2799 amici,
1085 2720 1241 2779 Luc.
1273 2736 1366 2792 17:
1397 2738 1456 2795 9.

430 2808 784 2871 Ministerii
850 2805 1138 2864 mandati
1208 2803 1452 2879 signum

431 2895 786 2975 quodnam,
825 2891 971 2951 Act.
1010 2890 1069 2948 6:
1111 2888 1173 2946 6.
1231 2886 1452 2944 Minis-

431 2977 757 3055 teria,piis
792 2976 1086 3034 iniuncta
1123 2973 1250 3032 suis
1285 2972 1455 3028 sola-

429 3064 539 3124 tiis
585 3081 719 3121 non
767 3068 918 3119 sunt
951 3058 1274 3131 caritura,
1317 3053 1458 3114 loh.

436 3153 533 3210 13:
585 3168 684 3207 2ο.

392 3219 772 3297 Ministrare
829 3227 1084 3287 Sanctis
1129 3223 1287 3305 quid
1329 3224 1454 3297 sit,

434 3317 632 3379 Hebr.
694 3314 754 3372 6:
827 3331 921 3370 10.
1010 3309 1456 3369 Ministrantes

384 3409 387 3418 ¹
431 3404 561 3460 alte
599 3397 802 3456 cincti
832 3409 973 3454 esse
1001 3395 1267 3466 debent,
1300 3391 1457 3450 Luc.

436 3506 530 3546 12:
600 3484 719 3558 35,
793 3497 885 3554 17:
950 3482 1009 3537 8.
1118 3477 1452 3538 Minimum

425 3569 673 3629 habent
711 3564 782 3623 in
826 3560 1116 3622 Ecclesia
1153 3561 1454 3642 gradum,

432 3655 590 3712 Luc.
640 3670 736 3710 22:
789 3648 888 3705 26.

390 3739 559 3800 Mira
593 3733 874 3794 faciendi
906 3740 1281 3809 potestatem
1308 3731 1452 3789 nul·

427 3825 528 3882 lus
576 3828 723 3879 ante
764 3816 1091 3877 Christum
1132 3813 1455 3892 Propheta

426 3914 647 3985 suopte
672 3902 949 3962 arbitrio
970 3900 1089 3961 ulli
1110 3900 1455 3977 concessit,

426 3989 660 4048 Matth.
709 4006 803 4047 10:
860 4004 914 4044 1.

381 4073 766 4136 miraculum
795 4071 873 4131 de
895 4077 1165 4148 captura
1184 4068 1450 4147 piscinm

1236 200 1758 267 INDEX

1542 361 1823 440 solebat,
1864 358 2094 423 Ich-5:
2128 362 2188 421 8.
2254 360 2589 443 Μὶτιοαῐᾳ

1543 446 1663 506 Dei
1705 455 2002 520 moneta,
2051 465 2074 504 1
2126 447 2278 506 Cor.
2326 452 2419 509 15:
2471 455 2587 512 15.

1543 531 1841 610 Sigillum
1898 531 2331 611 Euangelicae
2381 522 2591 611 prafe-

1542 615 1920 689 dicalionis‚
1951 616 2102 675 Luc.
2126 632 2185 684 4:
2214 629 2322 683 42.
2378 619 2589 697 Apud.

1543 701 1877 759 credentes
1904 701 2181 758 nondum
2208 712 2582 781 cessarunt,

1543 785 1746 843 Marc.
1794 785 1888 841 16:
1941 804 2035 862 17.
2116 784 2258 842 Non
2305 785 2590 865 dispen-

1540 877 1766 926 santur
1828 889 1940 945 pro
1999 868 2272 946 privatis
2324 869 2587 930 affecti-

1539 953 1695 1026 bus,
1752 952 1906 1009 Luc.
1946 965 2006 1021 4:
2054 954 2155 1012 26.
2236 954 2284 1012 Α
2333 956 2582 1015 Messia.

1513 1036 2123 1116 exspectabantur,
2185 1038 2416 1097 Matth.
2460 1060 2575 1115 27:

1536 1134 1640 1190 42.
1705 1121 1845 1179 lesu
1880 1121 2124 1178 maiora
2165 1122 2394 1197 Mosis,
2423 1123 2580 1186 Ioh.

1540 1224 1598 1283 9:
1669 1208 1772 1264 32.
1881 1205 2199 1263 Mil-acula
2269 1206 2578 1268 Christus

1541 1290 1800 1366 propria
1826 1289 1895 1347 vi
1923 1289 2228 1362 faciebam
2262 1291 2579 1372 discipuli

1540 1373 1826 1447 Christi,
1892 1374 1957 1431 vi
2021 1374 2356 1452 Magistri,
2409 1376 2581 1438 Luc·

1546 1476 1639 1516 10:
1729 1476 1821 1532 17.
1934 1456 2178 1515 Christi
2255 1459 2579 1520 miracula

1536 1541 1990 1613 testimonium*
2034 1551 2183 1600 sunt
2209 1592 2214 1597 .
2245 1543 2578 1605 invictum

1536 1627 1834 1684 veritatis
1900 1626 2235 1686 doctrinae
2291 1628 2469 1703 eius,
2533 1648 2568 1689 1

1537 1709 1678 1769 Ioh.
1722 1713 1782 1771 5:
1829 1710 1890 1768 6.
1970 1713 2139 1769 Data
2177 1720 2324 1770 sunt
2364 1714 2579 1772 mira-

1538 1794 1686 1852 cula
1749 1815 1882 1854 non
1938 1803 2068 1853 tam
2117 1797 2199 1854 ad
2243 1817 2578 1856 commen-

1538 1879 1786 1937 dandos
1823 1900 1930 1938 eos
1965 1900 2080 1958 per
2103 1901 2257 1958 quos
2283 1882 2569 1958 fiebant,

1530 1983 1719 2041 qnam
1781 1964 1864 2022 ad
1914 1965 2277 2023 testandam
2318 1967 2580 2027 verita-

1536 2057 1703 2120 tem,
1754 2047 1983 2107 Matth.
2031 2069 2087 2125 7:
2139 2067 2410 2125 22‚=11:
2462 2070 2573 2110 2ι.

1536 2132 1866 2202 Quqmodo
1920 2132 2113 2189 etiam
2164 2134 2334 2212 apud
2361 2154 2576 2214 quos-

1536 2215 1680 2271 dam
1745 2213 2105 2274 haereticos
2164 2216 2340 2276 facta
2385 2219 2574 2299 sint,

1537 2297 1765 2365 Matth.
1813 2302 1905 2359 13:
1950 2313 2052 2368 41.
2127 2300 2255 2360 Cur
2298 2302 2438 2360 fieri
2482 2323 2572 2362 ea

1534 2402 1571 2439 a
1601 2383 2223 2460 Pseudo-Prpphetis
2257 2404 2577 2446 nonnun—

1531 2484 1713 2542 quam
1743 2468 1913 2523 Deus
1941 2462 2297 2544 permittat,
2330 2469 2574 2529 Matth-

1495 2563 1629 2621 ,24ε
1675 2563 1786 2622 24,
1828 2549 1967 2609 Iob.
2002 2571 2060 2628 9:
2101 2555 2201 2624 31.
2269 2551 2569 2613 Facienti

1534 2635 1842 2691 miracula
1907 2646 2218 2712 quatenus
2287 2638 2574 2697 creden-

1534 2718 1718 2791 dum,
1780 2718 1963 2775 iuxta
2010 2721 2295 2798 regulam
2344 2722 2573 2781 Iudai-

1534 2822 1669 2859 cam
1701 2848 1720 2879 ‚
1792 2801 2021 2860 Matth.
2091 2824 2184 2865 12:
2252 2808 2352 2863 28.
2437 2806 2571 2866 Per

1533 2886 1843 2944 miracula
1864 2889 2192 2946 naturalia
2214 2891 2571 2969 allegorice

1537 2971 1801 3029 moralia
1820 2973 2198 3050 significari,
2224 2974 2371 3030 Luc.
2395 2994 2483 3045 17:
2503 2975 2573 3034 6.

1534 3054 1704 3114 Vera
1737 3065 1802 3114 et
1830 3056 1997 3113 falsa
2022 3056 2273 3132 Veteris
2300 3067 2362 3116 et
2388 3057 2568 3119 Novi

1535 3140 1938 3199 Testamenti
1962 3141 2276 3217 quomodo
2298 3141 2571 3221 dignos-

1536 3224 1780 3296 nenda,
1833 3245 1867 3283 2
1918 3223 2145 3283 Thess.
2187 3246 2242 3284 2:
2290 3247 2378 3304 9..
2440 3227 2572 3285 Mi-

1533 3307 1901 3366 raculorum
1966 3309 2209 3366 Christi
2258 3310 2563 3386 initium,

1535 3390 1673 3450 Ioh.
1703 3395 1766 3450 22⁸
1802 3411 1896 3450 11.
1958 3393 2224 3451 Suorum
2262 3393 2560 3453 Christus

1533 3475 1820 3555 liberalis
1860 3476 2026 3550 snit,
2068 3476 2230 3535 ibid.
2272 3498 2366 3557 19.
2439 3478 2566 3536 Mi-

1533 3560 1903 3620 raculorum
1948 3561 2265 3620 beneficia
2310 3563 2395 3620 ad
2434 3563 2563 3623 Dei

1532 3644 1843 3702 honorem
1901 3643 2271 3705 hominibus
2334 3647 2566 3707 confe-

1532 3737 1810 3802 runtur,
1877 3729 2016 3787 Ioh.
2065 3750 2119 3789 2:
2170 3744 2233 3801 4.
2318 3729 2560 3789 Eorum

1535 3815 1717 3892 signa
1739 3856 1758 3888 ,
1797 3814 2112 3893 imagines
2148 3823 2334 3874 erant
2367 3816 2565 3873 bene-

1534 3898 1827 3956 ficiorum
1909 3900 2220 3957 maiorum
2248 3942 2267 3973 ,
2297 3931 2302 3938 ·
2355 3895 2561 3958 Marc.
2590 3945 2600 3954 .

1537 3981 1633 4041 ³6:
1708 3985 1802 4040 18.
1889 3982 2340 4042 Min-aculomm
2403 3983 2508 4042 vis
2535 4026 2558 4059 ,

1536 4064 1759 4142 Manli.
1813 4085 1906 4126 11:
1958 4088 2061 4128 2ι.
2127 4105 2136 4126 .
2205 4123 2216 4131 .

426 4178 544 4217 cur
590 4156 887 4215 omissum
938 4172 974 4211 a
1021 4152 1346 4212 Matthaeo
1392 4163 1453 4209 et
1500 4151 1791 4210 Miseriae
1818 4172 2035 4210 eorum
2052 4194 2068 4223 ,
2091 4149 2197 4228 qui
2217 4147 2397 4209 vitiis
2424 4169 2563 4209 ser-

429 4242 649 4302 Marco
669 4282 690 4316 ‚
734 4239 893 4299 Luc.
916 4240 976 4298 5:
1008 4242 1067 4298 3.
1135 4235 1452 4295 Miraculo
1531 4236 1745 4311 vium,
1773 4235 2142 4318 descriptio}
2169 4232 2323 4290 Luc.
2343 4236 2437 4293 15:
2466 4247 2563 4304 14.

404 4333 740 4408 -peract0‚
827 4321 1181 4381 testimonii
1265 4340 1445 4378 causa

402 4410 726 4473 ‘Christus
809 4406 1059 4489 aliquid
1136 4407 1447 4487 imperare.
1534 4406 1673 4498 Deo
1697 4403 1917 4481 chari,
1949 4402 2084 4464 loh.
2116 4422 2210 4464 11:
2242 4407 2304 4467 ὅ.

1539 4319 1816 4380 Miseriis
1838 4321 1965 4377 suis
1989 4339 2116 4376 non
2134 4318 2560 4378 carentetiam

2444 4483 2570 4546 Mi-
