2779 5085
203 144 238 185 *t

211 3419 228 3432 ·
293 3405 302 3432 1
413 3390 664 3447 tionum
702 3385 1089 3445 vitiosarum
1119 3384 1351 3445 vitium
1383 3385 1452 3444 in

369 2046 385 2056 ·
418 2034 587 2093 nulli
605 2033 933 2095 hominum
957 2045 1106 2094 ante
1124 2034 1455 2096 Christum

323 2851 330 2860 ,
374 2793 875 2872 Repensationis
914 2815 1088 2872 spem
1125 2792 1323 2854 habet
1345 2796 1452 2873 qni

398 206 526 267 204
1231 160 1764 245 1'NDEx

1545 335 1707 397 ibid.
1828 338 2231 403 Permittitur
2313 347 2595 410 maioris

1546 421 1702 480 mali
1780 424 2042 487 vitandi
2112 449 2352 506 causa,
2422 434 2599 494 ibid.

1550 504 1822 585 Repudii
1851 510 1988 587 lex,
2017 511 2160 573 1012.
2178 527 2240 583 4:
2277 519 2373 575 18.
2423 517 2588 579 Eius

1544 588 1642 648 ius
1668 594 1834 672 apud
1860 595 2129 658 Iudaeos
2152 599 2398 660 maritis
2423 623 2593 662 con-

1547 695 1797 736 cessum
1823 722 1843 754 ,
1927 703 2062 742 non
2149 684 2529 746 mulieribus
2559 732 2587 764 ,
2616 706 2627 717 ⁶

1544 759 1905 826 Matth.5:
1980 771 2079 828 31.
2165 766 2317 827 Eius
2390 780 2587 850 atque

1547 843 1820 906 divortii
1909 850 2325 928 differentia,
2418 856 2593 933 ibid.

432 935 665 1010 datur,
712 931 867 992 Luc.
900 952 992 1012 19:
1029 937 1143 996 13.·
1193 935 1246 996 A
1290 935 1467 997 Mose
1544 926 1837 1011 Repudia
1872 934 2101 995 iudicis
2135 938 2582 1017 cognitionem

430 1026 495 1079 et
563 1016 904 1099 Prophetis
975 1019 1223 1096 sperari
1291 1021 1467 1081 iussa
1541 1032 1677 1074 non
1721 1017 2108 1097 exlgebant,
2149 1021 2312 1080 ibid·

428 1104 544 1162 sub
568 1099 1462 1184 solapnoevoloecconditione,
1506 1095 1769 1178 Requies
1796 1105 1938 1165 Dei
1944 1106 2132 1223 quid,
2162 1104 2361 1167 Hebr.
2386 1110 2445 1170 3:
2475 1127 2579 1186 11,

431 1188 632 1250 Marc.
665 1203 806 1259 114.
870 1186 1287 1248 Remissionis
1317 1211 1458 1271 pec·
1535 1192 1597 1250 4·
1654 1202 1727 1261 1,
1775 1189 1836 1248 3.

428 1282 720 1331 catorum
761 1271 861 1332 ius
898 1272 1118 1333 datum
1153 1271 1460 1350 Christo,
1497 1262 1621 1326 ΗΘΒ
1686 1291 1941 1331 sensum
1988 1271 2302 1335 habentes
2351 1285 2579 1336 amant

427 1354 661 1417 Matth.
696 1358 792 1417 281
842 1359 935 1416 18.
993 1320 1460 1419 Remissioneni
1536 1354 1636 1412 sui
1704 1359 2319 1436 conservationem,
2391 1360 2582 1422 Rom.

427 1440 570 1501 fieri
599 1441 932 1520 sanguinis
957 1439 1271 1503 effusione
1312 1453 1458 1505 tan·
1536 1440 1593 1499 8:
1643 1455 1746 1500 20.
1814 1441 1938 1501 Res
1985 1444 2376 1524 principales
2425 1467 2579 1507 cor-

426 1532 608 1600 tum,
656 1525 1031 1588 Mentha&
1086 1528 1185 1587 28.
1536 1545 1739 1602 pora,
1802 1548 1964 1608 qnae
2030 1549 2250 1588 earum
2298 1529 2576 1609 figuram

386 1609 741 1671 Remittere
791 1610 991 1670 multa
1036 1614 1297 1695 'peccata
1340 1611 1456 1671 Di·
1533 1606 1779 1668 habent
1863 1612 2124 1673 umbrae
2203 1623 2570 1693 vocantur,

421 1695 620 1755 vinae
684 1694 1040 1776 sapientiae
1103 1698 1455 1771 convenit,
1534 1690 1736 1752 Hebr.
1760 1697 1819 1755 8:
1846 1701 1908 1758 5.
1955 1698 2081 1758 Res
2108 1698 2228 1757 Dei
2261 1700 2578 1761 dicuntur

419 1786 493 1838 ut
556 1789 813 1840 exstare
874 1780 1126 1860 possint
1183 1782 1457 1845 eximiae
1532 1776 1826 1861 iudicia,
1895 1781 2196 1844 Iob-10:
2250 1786 2353 1847 35.
2443 1783 2576 1845 Res

423 1864 796 1924 dilectionis
822 1864 1321 1946 opera,-Luc.7:
1353 1881 1458 1943 47.
1534 1863 1756 1924 eadem
1838 1866 2094 1926 Veteris
2167 1867 2579 1929 Testamenti

421 1948 817 2009 Remittendi
862 1958 1126 2029 peccata
1171 1960 1457 2030 potestas
1536 1947 1615 2007 ad
1658 1949 1875 2029 plures
1919 1952 2320 2032 significatus
2361 1953 2583 2014 refer-

1532 2040 1681 2108 tur,
1727 2033 1927 2095 Hebr.
1972 2057 2070 2101 11:
2118 2056 2217 2100 11·
2288 2037 2409 2098 Res
2452 2039 2582 2097 ad·-

1532 2136 1764 2177 versae
1809 2119 1999 2179 etiam
2048 2122 2222 2181 bona
2266 2132 2460 2198 sunt,
2510 2123 2574 2182 si

1535 2200 1764 2262 dextre
1828 2215 2201 2280 sumantur,
2258 2224 2285 2263 1
2339 2205 2580 2267 Thess.

1532 2287 1592 2346 5:
1638 2290 1739 2347 23.
1830 2288 1952 2348 Res
2000 2290 2123 2349 soli
2163 2288 2574 2352 haereditate

1532 2376 1829 2450 acceptae
1851 2375 2014 2451 apud
2036 2372 2360 2432 Hebraeos
2382 2384 2581 2436 erant:

1529 2453 2030 2530 inalienabiles,
2100 2455 2284 2519 Rom.
2331 2471 2391 2529 4:
2453 2464 2573 2538 13,

437 339 792 407 dilectione
878 346 1199 422 tamquam
1285 343 1473 424 signo

434 429 744 509 probetur
784 415 998 501 facta,
1057 425 1214 486 Luc.
1261 447 1320 506 7.
1368 443 1474 506 47.

440 510 620 571 Facit
659 531 741 570 ne
781 519 1047 590 peccata
1080 522 1470 592 appareant,

435 595 645 656 veluti
708 595 956 654 ablutio
1007 610 1089 654 ne·
1138 597 1468 673 maculae,

436 682 581 742 Act.
623 698 724 740 221
774 680 872 739 16.
941 679 1200 740 Donum
1243 681 1469 743 Sancti

434 764 716 846 Spiritus
769 763 1143 843 praecedit,
1216 786 1240 826 1
1295 766 1468 827 Petr.

437 868 493 912 1:
534 868 593 909 2.
660 849 1035 927 Aequaliter
1078 848 1469 912 Christianis

422 2120 898 2179 communicata
938 2119 1213 2200 legitur,
1253 2122 1458 2183 Marc.

380 2222 649 2363 1191111171111
709 2251 955 2348 ‘dicitnr
1017 2308 1166 2347 reus
1214 2289 1325 2369 qui
1374 2291 1455 2349 ad

419 2393 598 2432 suum
631 2373 915 2433 iudicem
952 2371 1267 2451 mittitur,
1297 2373 1456 2435 Luc.

375 2461 961 2603 Reiiuiioerationes
989 2563 1160 2628 ‘esse
1209 2561 1289 2620 ex
1337 2563 1454 2600 na-

415 2628 611 2685 turali
680 2627 1002 2705 aequitate
1058 2626 1241 2685 aiunt
1288 2625 1454 2685 Iuris

416 2709 752 2783 Consulti,
805 2730 841 2770 2
884 2707 1113 2768 Thess.
1169 2728 1220 2769 1:
1269 2709 1331 2768 6.

1530 2643 1671 2683 111111
1702 2625 1873 2686 iusta
1906 2627 2307 2702 aestimatio,
2336 2627 2580 2691 Matth.

1531 2707 1631 2768 261
1685 2728 1795 2783 ¹¹3
1866 2707 2273 2771 terrenarum
2332 2701 2573 2775 inutile

1531 2793 1808 2868 studium
1877 2797 2271 2872 damnatur,
2333 2795 2574 2859 Matth.

1532 2890 1632 2946 24:
1687 2881 1786 2938 38:
1864 2875 2092 2939 'Rebus
2156 2899 2292 2940 non
2356 2883 2571 2943 minus

1528 2981 1716 3039 quam
1778 2965 2049 3026 vocibus
2096 2964 2571 3044 Prophetarum

1531 3047 1808 3123 scimus,
1836 3047 2066 3110 Matth:
2100 3068 2154 3108 1.
2180 3068 2281 3108 22.
2348 3051 2570 3112 Rebus

1530 3130 1803 3191 diversis
1868 3147 2057 3215 saepe
2105 3142 2411 3214 aptantur
2458 3157 2573 3196 ea-

1532 3214 1677 3274 dem
1761 3218 1962 3277 verba
2044 3217 2515 3296 Prophetarum
2544 3267 2567 3298 ,

1529 3299 1765 3360 Matth.
1811 3315 1909 3373 24:
1951 3306 2051 3364 30.
2116 3302 2195 3363 In
2236 3303 2450 3364 Rebus
2495 3326 2573 3366 a-

1527 3383 1720 3444 lienis
1760 3406 1876 3445 cur
1915 3388 2053 3466 plus
2091 3407 2316 3466 sapere
2354 3389 2571 3450 solea-

417 3472 639 3531 multis
682 3469 872 3530 libris
909 3468 1078 3531 unde
1114 3479 1452 3547 occurrat,
1527 3489 1661 3527 mus
1687 3489 1870 3549 quam
1897 3472 1967 3530 in
1993 3471 2236 3533 nostris
2262 3475 2566 3555 negotiis,

417 3556 577 3616 Luc.
620 3557 679 3618 31
730 3554 833 3616 36.
1532 3552 1689 3613 Luc.
1741 3573 1791 3614 1:
1849 3558 1943 3616 18.

371 3639 818 3719 Repu-omissio
855 3660 972 3719 pro
1002 3662 1077 3702 re
1100 3637 1451 3720 promissa,
1490 3636 1926 3717 Resipiscenti
1945 3639 2027 3700 ob
2052 3629 2334 3719 priore'm
2358 3642 2574 3704 vitam

414 3724 719 3805 Hebr.9:
775 3728 874 3789 15.
1484 3722 1844 3784 ¹insultare
1892 3739 2024 3784 non
2063 3726 2359 3806 oportet,
2407 3725 2566 3787 Luc.

372 3809 731 3890 Repudium
757 3830 839 3870 ex
859 3828 1052 3869 eausa
1071 3808 1450 3890 levi,adul-
1531 3808 1625 3865 181
1666 3817 1763 3871 11·
1827 3808 2300 3890 Resipiscentes
2341 3809 2411 3869 in
2448 3831 2593 3876 ve-,

407 3896 562 3956 terii
611 3895 910 3968 occasio,
961 3893 1192 3955 Matth.
1237 3897 1300 3959 51
1349 3897 1451 3955 32.
1524 3891 1682 3951 teris
1732 3893 2055 3954 amicitiae
2100 3916 2171 3955 ac
2213 3894 2565 3954 familiari-

409 3981 594 4042 lnter
642 3978 1055 4040 Christianos
1096 3980 1216 4040 vix
1251 3979 1447 4054 licet,
1528 3976 1682 4035 tatis
1720 3979 1820 4038 ius
1861 3980 2198 4039 admittere
2223 3978 2559 4056 debemus,

413 4064 543 4123 nisi
579 4083 660 4123 ex
697 4059 892 4124 causa
921 4064 1262 4141 adulterii,
1288 4063 1449 4121 ibid.
1531 4059 1684 4120 Luc.
1738 4083 1831 4140 17:
1884 4067 1943 4125 3.

405 4145 518 4207 011
550 4147 937 4210 adulterium
966 4169 1340 4209 concessum
1368 4148 1450 4206 ad
1491 4146 1990 4244 Resipiscentiae
2021 4146 2566 4210 doctrinaesum·

412 4232 822 4294 Christianos
859 4233 1163 4314 coniuges
1200 4242 1446 4293 tantum
1526 4233 1743 4291 matim
1806 4254 1920 4312 per
1980 4233 2332 4292 Iohannem
2386 4252 2565 4291 com-

409 4318 733 4399 pertinet,
774 4317 938 4379 ibid.
1005 4319 1103 4378 De
1142 4316 1450 4380 foeminis
1528 4318 1866 4376 mendatae
1910 4317 2165 4396 plenior
2200 4317 2486 4398 cognitio
2526 4338 2563 4376 a

420 4402 721 4470 Christus
761 4401 933 4467 nihil
973 4402 1448 4486 pronuntiavit,
1530 4400 1792 4484 Christo
1830 4402 2147 4484 petenda,
2187 4400 2350 4463 Luc.
2383 4420 2435 4463 1:
2420 4423 2566 4547 ,ἐφ

2505 4508 2573 4551 0-

417 2879 499 2938 ob
538 2880 740 2938 Deum
779 2878 1222 2958 patitur,·non
1261 2877 1452 2939 habet

416 2963 524 3068 gui
595 2963 676 3023 ob
746 2963 1094 3041 facinora,
1178 2983 1205 3023 1
1282 2964 1455 3026 Petr.

375 3052 691 3213 Βῒρέζη
718 3132 971 3211 saepius
995 3132 1276 3193 solemus
1297 3152 1456 3214 quae

416 3219 610 3282 valde
679 3217 978 3278 volumus
1050 3218 1286 3278 animis
1353 3218 1450 3275 in·

418 3304 719 3376 culcare,
767 3301 910 3361 Gal.
961 3321 1014 3361 11
1063 3323 1123 3381 9.
1194 3301 1454 3381 Repeti·

1535 2536 1732 2598 Hebr.
1779 2561 1831 2601 1:
1871 2555 1933 2613 4.
2000 2540 2238 2602 Rerum
2284 2544 2577 2624 agenda-
2682 2563 2703 2636 j
