2779 5085
363 236 492 286 222

406 388 635 448 12214.
680 373 1057 436 Sermonem
1090 370 1432 434 absolvere
1506 370 1739 433 Matth.

400 461 812 544 properantis
854 459 1172 532 formula,
1215 476 1255 519 2
1280 457 1431 519 Cor.

407 551 653 610 13.11.
738 545 1083 605 Sermones
1120 543 1192 602 in
1239 558 1428 603 aceu-

396 632 536 693 bitu
570 630 765 690 etiam
800 635 943 707 post
968 644 1231 687 coenam
1263 646 1428 688 non-

397 714 570 775 nihil
609 712 877 795 produci
914 713 1243 787 solebant,
1286 711 1431 772 lob.

405 813 501 871 143
549 803 651 860 31.
738 798 1081 857 Sermones
1143 798 1250 876 qui
1321 818 1427 856 co-

397 905 536 944 ram
581 882 877 941 omuibus
920 880 1243 941 habentur
1280 902 1427 963 oap-

357 969 490 1031 tui
531 967 729 1046 partis
767 966 1035 1025 maioris
1071 986 1429 1027 accommo-

402 1054 688 1124 dantur,
742 1068 764 1108 1
823 1049 974 1109 Cor.
1016 1054 1074 1112 3:
1132 1070 1185 1110 1.

355 1139 639 1216 Serpens
710 1118 992 1228 paradisi
1065 1135 1425 1212 Diabolus,

396 1220 628 1282 Matth.
683 1223 740 1279 3·
789 1238 851 1296 7.
914 1208 1273 1297 Serpentis
1317 1240 1424 1279 ae-

393 1305 503 1365 nei
568 1314 632 1363 et
698 1301 945 1361 Christi
994 1304 1426 1402 comparatio,

396 1388 539 1449 Iob.
594 1390 650 1450 3.
708 1400 800 1456 14.
885 1387 1233 1465 Serpentes
1285 1389 1425 1468 qui-

395 1470 541 1533 dam
605 1471 896 1531 infantes
956 1471 1273 1533 devorare
1323 1494 1425 1532 so-

397 1560 574 1632 lent,
624 1557 823 1636 Apoc.
869 1575 961 1617 12:
1002 1571 1064 1625 4.
1150 1557 1423 1637 Serpen-

392 1654 527 1702 tum
573 1642 672 1700 vis
720 1640 790 1699 in
817 1645 1025 1720 capite
1050 1661 1188 1700 esse
1226 1643 1425 1717 solet,

396 1731 597 1805 Apoc.
670 1743 764 1784 12:
833 1739 896 1795 4.
1005 1725 1427 1804 Sex-pentibus

371 1810 725 1891 ‘proprium
787 1808 1031 1869 dicitur
1089 1830 1228 1869 esse
1280 1830 1424 1870 acu-

394 1906 523 1954 tum
571 1895 789 1969 tueri,
833 1893 1070 1955 Matth.
1125 1912 1217 1955 10:
1272 1896 1371 1957 16.

355 1979 620 2041 Servii-e
680 1998 807 2038 vox
856 1987 955 2038 est
1001 1979 1253 2040 mediae
1298 1979 1431 2060 sig-.

393 2063 842 2140 inficiationis,
887 2063 1073 2123 Rom.
1113 2064 1173 2124 6:
1223 2064 1287 2124 6.

352 2149 643 2212 Servitus
732 2149 1027 2225 corporis
1118 2149 1423 2208 virtutem

387 2233 590 2294 e’nimi
639 2254 773 2293 ιιοιι
821 2232 1138 2311 impedit,
1194 2231 1426 2291 Matth.

391 2339 492 2381 nn:
547 2316 667 2391 16,
712 2315 878 2395 Eph.
924 2318 983 2378 6:
1020 2320 1084 2377 5.
1131 2317 1426 2376 Servitus

387 2425 522 2463 non
570 2409 777 2462 morte
813 2421 1058 2482 semper
1099 2403 1423 2465 redimen-

390 2488 514 2563 da,
572 2484 805 2550 Matth.
862 2506 958 2549 υς
1018 2486 1114 2546 ι6.
1202 2485 1424 2546 Servi-

388 2574 548 2630 tutis
597 2571 957 2649 allegoria,
1025 2569 1272 2629 Ioh..8:
1321 2573 1424 2630 33.

392 2655 742 2715 Servitutis
781 2655 1015 2712 malum
1036 2697 1054 2727 ,
1105 2651 1334 2713 Mauh.
1356 2656 1419 2713 5:

386 2752 494 2809 41.
578 2738 656 2798 Ιιι
721 2738 1097 2796 servitutem
1146 2757 1212 2796 se
1258 2751 1420 2797 ven-

389 2824 540 2882 dere
601 2822 843 2882 licebat
886 2821 1026 2882 inre
1074 2819 1374 2881 Hebraeo
1400 2865 1420 2897 ,

389 2908 577 2966 Rom.
615 2928 673 2982 72
731 2919 828 2976 14.
1077 2933 1080 2936 ·
1137 2957 1142 2962 .

347 2992 589 3056 Servus
633 2990 756 3051 Dei
796 2987 992 3051 Mosis
1026 2997 1420 3070 cognomen,

386 3076 590 3136 Hebr.
654 3079 712 3138 3:
784 3077 870 3148 5,
939 3076 1147 3152 Apoc.
1214 3080 1311 3136 15:
1364 3080 1423 3137 ὅ.

359 3160 631 3228 Servus
700 3180 736 3218 a
782 3160 1108 3219 servando
1173 3158 1420 3234 dictus,

390 3247 552 3307 Luc.
595 3249 657 3307 5:
714 3263 807 3303 ιο.
864 3244 948 3304 Et
981 3245 1036 3303 si
1082 3245 1269 3319 talis,
1306 3244 1421 3304 ho·

357 3351 492 3396 ,ιιιο
555 3341 773 3389 tamen
821 3336 978 3403 est,
1053 3328 1209 3389 Luc.
1256 3348 1314 3407 7:
1363 3350 1423 3390 Ω.

390 3414 638 3478 Herilis
684 3413 943 3492 imperii
997 3433 1127 3471 non
1192 3434 1425 3472 censor

363 3508 488 3558 -est
509 3498 623 3558 sed
648 3498 980 3571 minister,
1030 3496 1170 3556 loh.
1202 3501 1295 3558 15:
1327 3501 1426 3558 15.

391 3583 557 3648 Filio
595 3581 901 3644 cohaeres
939 3582 1214 3660 scriptus
1252 3583 1422 3661 apud

392 3668 697 3730 Hermam
765 3669 836 3726 in
915 3667 1185 3744 fabula,
1272 3669 1423 3745 quia

387 3753 757 3813 liberaliter
817 3753 1186 3826 servierat,
1267 3752 1426 3812 Luc.

395 3858 492 3916 17:
542 3859 602 3913 7.
691 3837 877 3917 Apud
926 3837 1198 3896 Iudaeos
1248 3857 1423 3895 com-

317 3989 322 3996 ,
391 3924 671 3983 muniter
729 3922 1187 3981 aestimabatur
1236 3923 1421 4001 quin·

388 4007 696 4086 quaginta
721 4007 923 4081 siclis,
947 4007 1181 4066 Matih.
1203 4008 1301 4067 26:
1330 4008 1426 4064 15.

365 4092 600 4151 Servo
650 4091 909 4170 quando
959 4092 1179 4151 deberi
1228 4092 1420 4150 bene·

391 4176 607 4236 ficium
682 4179 924 4257 possit,
1000 4175 1153 4234 Luc.
1220 4194 1312 4253 17:
1363 4196 1425 4253 9.

369 4259 666 4319 *Servum
705 4261 1060 4322 vendentes
1096 4260 1244 4336 quid
1278 4280 1425 4336 pro-

390 4344 648 4404 mittere
684 4345 1025 4419 solebant,
1065 4344 1340 4403 Philem.
1368 4363 1425 4404 2.

1193 203 1829 312 iuni-:110

1805 370 1905 433 28:
1963 372 2067 434 23.
2153 369 2346 431 Servi
2407 369 2552 434 Do-

1504 456 1669 515 mini
1714 475 1827 515 seu
1874 456 1995 515 Dei
2039 454 2423 516 dicebantur
2464 459 2543 518 in

1503 538 1727 603 Veteri
1750 541 2192 616 Testamento‚
2217 541 2327 621 qui
2349 553 2544 602 erant
2622 600 2623 605 ,

1503 626 1574 684 in
1613 626 1864 707 magnis
1892 625 2302 705 muneribus,
2348 625 2541 687 Rom.

1510 730 1563 771 ιε
1620 729 1675 770 ι.
1780 709 1968 770 Servi
2054 709 2202 771 lesu
2287 710 2541 771 Christi

1502 795 1807 854 dicuntur
1844 794 2065 854 fideles
2098 814 2363 869 omnes,·
2401 796 2541 855 lac.

1510 899 1565 941 ιε
1621 898 1674 938 ι.
1760 880 1952 940 Servi
1988 879 2111 940 Dei
2134 888 2286 939 sunt
2309 896 2537 940 omnes

1507 962 1910 1036 Christiani,
1978 963 2097 1024 sed
2148 964 2383 1025 eximie
2440 966 2541 1025 A·

1505 1048 1782 1128 postoli,
1851 1047 1984 1106 Tit.
2059 1067 2113 1109 ιι
2184 1067 2243 1108 ι.
2343 1049 2542 1123 Servi

1503 1131 1627 1193 Dei
1675 1131 2164 1212 Magistratibus
2205 1132 2542 1212 obtempe-

1499 1226 1697 1292 rant,
1771 1236 1794 1276 1
1848 1216 2026 1277 Petr.
2064 1212 2143 1278 ἀι
2194 1218 2255 1276 6.
2282 1232 2311 1253 ⁶
2343 1218 2540 1279 Servi

1500 1303 1668 1363 fiunt
1706 1301 1956 1361 duobus
1995 1301 2237 1376 modis,
2285 1301 2429 1367 lob.
2467 1310 2535 1371 δι

1503 1390 1629 1464 3³,
1701 1385 1883 1445 Rom.
1948 1406 2007 1464 7:
2064 1400 2160 1457 ι4.
2247 1385 2540 1447 Humiles

1500 1472 1733 1545 amici,
1781 1469 1950 1551 pr.
1994 1471 2055 1533 62
2084 1491 2144 1549 7.
2234 1471 2364 1530 Cur
2399 1473 2545 1552 ple-

1500 1575 1767 1635 rumque
1852 1555 2044 1615 noxis
2117 1555 2489 1615 abstineant
2518 1601 2543 1632 ,

1504 1641 1687 1700 Rom.
1731 1643 1922 1702 8:15.
2013 1639 2204 1700 Servi
2253 1641 2544 1700 credito·-

1499 1746 1640 1785 rum
1692 1724 1937 1786 fiebant
1990 1721 2271 1784 Hebraei
2340 1724 2543 1785 obae-

1499 1811 1663 1883 rati,
1704 1830 1845 1869 eum
1882 1810 2188 1869 uxoribus
2213 1818 2280 1867 et
2313 1811 2538 1888 prole,

1501 1891 1734 1955 Matth.
1786 1896 1880 1954 18:
1946 1896 2049 1954 25.
2135 1892 2323 1953 Nihil
2386 1916 2549 1973 pro-

1503 1981 1713 2057 prium
1760 1978 2133 2058 possident,
2180 1976 2350 2038 Phil.
2387 1998 2445 2038 a:
2475 2000 2545 2057 7.

1501 2062 1799 2122 Dominis
1846 2071 2082 2120 natura
2118 2063 2354 2122 debere
2388 2066 2540 2143 pos-2

1500 2146 2165 2226 sunt,Philem.19.
2253 2147 2428 2208 Olim
2477 2149 2540 2207 si

1496 2232 1651 2311 quid
1679 2231 2104 2309 deliquissent
2131 2244 2538 2310 precatorem

1499 2317 1625 2376 sibi
1683 2336 1915 2394 parare
1982 2316 2320 2390 solebant,

1501 2401 2020 2478 Cor-rumpuntur
2068 2398 2262 2477 longa
2309 2400 2543 2460 Domi-

1497 2504 1727 2544 norum
1774 2482 2120 2557 distantia,
2170 2483 2401 2545 Mauh
2430 2500 2538 2558 24:

1493 2569 1600 2639 46.
1678 2567 1877 2627 ‘Servi
1944 2566 2226 2628 Hebraei
2272 2579 2544 2648 septen-

1498 2653 1606 2713 nio
1650 2660 1885 2713 exacto
1921 2652 2101 2726 heris
2136 2651 2269 2713 suis
2303 2655 2544 2714 volen-

1496 2749 1593 2798 tes
1660 2737 1983 2818 quomodo
2048 2733 2133 2799 se‘
2200 2739 2542 2819 ‘mancipa-

1497 2823 1695 2899 bant,
1767 2820 1969 2882 Hebr.
2035 2840 2132 2883 10:
2186 2826 2251 2884 5.
2341 2824 2539 2885 Servi

1480 2926 1632 2966 anon
1678 2914 1983 2986 poterant
2025 2906 2170 2967 fieri
2221 2906 2533 2988 Episcopi

1499 3001 1612 3050 aut
1660 2991 2037 3072 Presbyteri
2084 2992 2350 3053 nolente
2396 2995 2537 3053 Do-

1499 3077 1717 3151 mine,
1791 3095 1816 3135 ι
1874 3077 2026 3135 Cor.
2084 3096 2143 3153 7:
2193 3096 2325 3138 21.·
2380 3077 2587 3140 Ser-4

1497 3181 1725 3223 vorum
1795 3168 1940 3220 erat
2007 3169 2151 3239 post
2213 3162 2531 3223 Dominus

1499 3266 1817 3319 coenare,
1884 3243 2044 3304 Luc.
2108 3265 2204 3321 ¹7²
2248 3247 2310 3304 8.
2401 3246 2536 3307 Eo-

1497 3351 1637 3391 rum
1667 3339 1764 3390 est
1783 3339 2096 3403 metuere,
2126 3327 2325 3389 Hebr.
2346 3349 2404 3392 2:
2441 3334 2535 3392 15.

1501 3415 1724 3475 Servis
1762 3433 1878 3473 cur
1917 3413 2088 3493 leges
2115 3415 2345 3475 civiles
2373 3416 2528 3474 olim

1497 3498 1666 3558 nihil
1707 3498 2197 3579 praecipiebant
2225 3544 2243 3574 ,
2297 3520 2321 3560 1
2358 3500 2531 3560 Tim.

1496 3584 1557 3643 6:
1608 3604 1666 3645 2.
1744 3582 1875 3642 Cur
1917 3583 2009 3641 eis
2051 3584 2225 3662 quod
2265 3603 2530 3666 aequum

1498 3678 1562 3728 et
1601 3668 1837 3728 iustum
1899 3688 1934 3725 a
2000 3669 2300 3729 Dominis
2347 3682 2531 3750 prae-

1499 3752 1832 3825 standum,
1883 3752 2023 3811 Col.
2064 3768 2124 3823 4:
2172 3773 2227 3813 1.
2293 3756 2530 3815 Servos

1498 3839 1728 3916 punire
1773 3839 2196 3898 Domitiorum
2242 3849 2369 3914 est,
2396 3861 2529 3899 non

1500 3922 2232 3998 conservorum,-Rom.
2285 3943 2377 3982 12:
2436 3917 2547 4000 19.

1500 4006 1627 4066 Eos
1695 4007 1954 4087 signare
2012 4007 2079 4065 in
2129 4008 2344 4066 fronte
2391 4027 2529 4065 mos

1496 4100 1641 4156 erat
1667 4093 2091 4152 Dominorum
2125 4091 2197 4150 in
2221 4092 2490 4151 Oriente
2509 4135 2531 4164 ,

1504 4178 1709 4255 Apoc.
1775 4197 1833 4254 7:
1885 4173 2538 4246 30=⁴2Filiorumseei½
2663 4192 2671 4200 ·

1498 4282 1616 4321 vos
1664 4280 1903 4322 ornare
1924 4258 2171 4328 solent
2203 4259 2360 4320 boni
2409 4261 2536 4322 Pa-

1497 4354 1629 4403 tres
1687 4343 1758 4404 in
1818 4344 2126 4405 honorem
2198 4345 2294 4404 fili
2276 4343 2532 4420 orum,

394 4427 585 4490 Servi
650 4451 766 4510 pro
812 4428 1052 4508 Regum
1101 4429 1423 4506 subditis,
1498 4428 1688 4510 Rom.
1720 4432 1781 4490 8:
1826 4448 1930 4491 αι.
1995 4411 2266 4490 Domini
2308 4432 2378 4491 in
2423 4451 2534 4490 eos

2433 4534 2534 4571 lus

2368 2317 2540 2376 ibid.
2603 2364 2633 2395 .-
