2779 5085
522 197 603 257 80
994 208 999 213 ·
1343 189 1867 253 ΙΝΒΕΧ

553 372 608 416 1:
646 370 700 415 1.
766 345 1085 411 Caelestia
1124 357 1310 410 curat
1348 370 1426 411 ac
1467 374 1576 409 cu·-

549 438 757 516 gitat‚
819 436 1024 513 Apoc.
1088 448 1182 513 19:
1236 453 1296 497 1.
1386 433 1570 495 Gom-

542 527 812 597 paratur
856 516 1110 595 domui,
1158 518 1340 581 Rom.
1370 532 1467 591 14:
1499 540 1569 593 1,

540 602 709 684 Eph.
790 622 849 665 2:
932 623 1038 667 21.
1102 596 1107 605 ’
1149 603 1572 683 comparatur

539 709 854 769 sponsae,
900 696 968 749 et
1010 685 1157 753 urbi
1202 688 1407 748 monti
1451 690 1568 747 im-

535 774 834 856 positae,
899 771 1040 832 1011.
1086 790 1142 850 3:
1196 788 1316 850 29,
1388 771 1571 837 Rom.

537 877 643 1002 ,ἒς
658 859 990 1021 4p'asiid'1ig
994 870 1293 998 ’elgisii'
1308 875 1567 1017 psal?-

537 1033 685 1085 cata
751 1033 818 1083 et
880 1022 1130 1082 credita
1194 1031 1404 1081 ortum
1447 1022 1566 1081 ha-

533 1109 721 1180 buit,
772 1105 940 1187 Eph.
978 1109 1039 1167 5:
1084 1110 1188 1169 30.
1274 1103 1421 1165 Non
1463 1107 1568 1165 in-

532 1190 815 1252 tercedit
902 1211 1021 1269 pro
1111 1192 1563 1271 peccatoribus

448 1307 453 1312 ·
534 1273 1067 1350 contumacibus,
1139 1273 1297 1332 Luc.
1351 1274 1411 1335 6:
1463 1294 1564 1336 22.

531 1358 655 1419 Per
705 1358 1195 1421 tabernaculum
1246 1358 1559 1438 figurata,

528 1439 727 1502 Hebr:
799 1462 896 1524 13:
968 1459 1065 1503 10.
1151 1441 1308 1502 Sine
1373 1444 1560 1503 malis

527 1545 858 1606 nunquam
925 1536 1024 1587 est
1083 1526 1352 1603 sutura,
1421 1528 1559 1588 1011.

537 1625 633 1673 12:
678 1610 740 1670 6.
815 1612 894 1672 111
940 1611 1329 1672 Samaritide
1374 1633 1560 1689 prae-

528 1695 804 1776 figurata
830 1741 849 1773 ,
897 1695 1040 1756 1011.
1078 1709 1140 1767 4:
1170 1709 1288 1767 ·42.
1359 1695 1558 1757 Turri

530 1778 973 1858 Babylonicae
1038 1788 1107 1841 et
1168 1779 1412 1840 iudicio
1478 1804 1556 1842 ex

530 1862 776 1926 duobus
821 1864 1033 1925 surdis
1075 1865 1243 1944 apud
1278 1865 1559 1927 iudicem

527 1949 791 2008 surdum
831 1949 1070 2030 agitato
1097 1952 1357 2029 quando
1385 1972 1559 2012 com·

527 2033 746 2109 parari
789 2035 995 2114 possit
1016 2079 1036 2110 ,
1088 2054 1114 2098 1
1149 2035 1301 2095 Cor.
1330 2049 1428 2105 14:
1458 2056 1559 2116 23.

482 2182 487 2189 ,
526 2116 840 2178 Veritatis
883 2121 1182 2178 columna
1216 2127 1315 2177 est
1347 2127 1414 2175 et
1447 2119 1555 2177 fir-

524 2211 958 2276 mamentum,
1036 2220 1061 2262 1
1130 2200 1299 2257 Tim.
1347 2219 1404 2279 3:
1457 2205 1556 2261 15.

526 2284 827 2343 Ecclesia
868 2292 933 2343 et
970 2283 1084 2363 qui
1120 2283 1204 2341 ad
1235 2303 1371 2343 eam
1410 2304 1553 2362 per-

523 2367 741 2426 tinent
780 2368 1004 2448 quales
1048 2386 1187 2426 esse
1235 2367 1552 2443 debeant,

480 2512 487 2519 ,
525 2470 565 2513 2
604 2451 755 2511 Cor.
797 2470 893 2515 11:
930 2470 992 2513 2.
1058 2449 1392 2513 Ecclesiae
1426 2452 1550 2511 sibi

525 2534 928 2616 colligendae
994 2542 1377 2616 potestatem
1440 2558 1555 2617 per

521 2620 711 2697 quid·
745 2620 1043 2681 Christus
1105 2620 1383 2699 adeptus
1419 2622 1505 2680 sit
1532 2665 1550 2696 ,

528 2704 670 2764 Act.
697 2723 795 2770 20:
826 2707 928 2764 28.
972 2703 1301 2764 Ecclesiae
1330 2715 1556 2764 auctor

517 2796 582 2847 et
607 2796 1031 2850 conservator
1056 2786 1349 2858 Christus
1366 2834 1384 2864 ,
1409 2789 1550 2854 Ioh.

527 2885 622 2943 14:
678 2892 754 2948 1,
807 2873 904 2935 16:
958 2875 1080 2949 15,
1129 2875 1274 2936 Act.
1308 2892 1408 2935 20:
1449 2878 1550 2934 28.

523 2956 652 3029 Qui
696 2964 763 3018 et
806 2956 942 3018 eius
983 2966 1216 3038 caput,
1260 2957 1403 3018 1011.
1451 2975 1547 3020 10:

527 3042 647 3118 16,
697 3039 863 3120 Eph.
910 3063 965 3107 1:
1013 3061 1133 3118 22,
1183 3042 1324 3101 col.
1363 3047 1552 3105 2:18.

479 3191 486 3200 ,
524 3127 655 3188 Cur
703 3126 950 3187 Christi
995 3146 1225 3207 corpus
1261 3127 1549 3205 dicatur,

476 3273 483 3278 ,
519 3211 685 3272 ibid.
730 3212 1000 3272 Causam
1020 3212 1155 3270 eius
1177 3211 1310 3292 agit
1325 3212 1553 3272 Chris-

478 3305 621 3356 Atus
687 3296 854 3375 apud
913 3295 1211 3370 Patrem,
1267 3296 1548 3376 Spiritus

521 3379 802 3442 Sanctus
872 3380 1041 3459 apud
1103 3378 1445 3456 homines,
1516 3401 1543 3447 1

522 3462 665 3525 loh.
719 3482 777 3525 2:
842 3483 899 3528 1.
983 3463 1348 3540 Disciplina
1410 3465 1546 3524 eius

517 3550 591 3608 in
638 3548 1056 3623 criminosos,
1079 3567 1125 3612 ‘1
1160 3549 1328 3607 Tim.
1351 3550 1413 3609 5:
1443 3568 1546 3610 2ο.

466 3693 475 3701 ,
520 3632 678 3694 Eius
715 3634 786 3692 in
822 3632 1284 3712 componendis
1320 3632 1544 3695 litibus

523 3718 1043 3779 Christianorum
1104 3719 1218 3777 sub
1272 3718 1546 3794 profano

504 3803 790 3883 imperio
830 3800 1216 3879 auctoritas,
1254 3799 1541 3864 Luc.-12:

523 3900 623 3956 14.
708 3884 861 3947 Eius
929 3886 1262 3946 titulorum
1334 3887 1547 3965 expli-

518 3968 734 4048 cuin,
781 3992 809 4037 1
850 3971 1020 4032 Tim.
1059 3990 1116 4051 3:
1157 3969 1259 4032 15.
1302 3970 1545 4031 -Unitas

472 4113 477 4120 ,
515 4055 835 4132 quomodo
868 4055 1251 4131 retinenda,
1304 4054 1449 4128 Col.
1482 4059 1554 4117 22‘

523 4156 624 4218 19.
687 4138 920 4200 Unitas
964 4140 1101 4200 eius
1139 4140 1255 4199 ubi
1294 4139 1544 4202 sethri

516 4241 648 4283 uox
692 4232 942 4301 potest,
984 4222 1153 4305 Eph.
1196 4237 1257 4295 4:
1307 4244 1365 4305 3.
1421 4224 1546 4288 ,Π-

515 4308 744 4368 nitatis
783 4307 921 4368 eius
953 4308 1157 4389 figura
1180 4308 1314 4369 fuit
1350 4328 1540 4367 unum

516 4393 854 4474 Templum
913 4400 993 4464 et,
1023 4393 1546 4464 Tabernaculum·

1651 350 2075 424 ludaeorum,
2125 345 2283 427 Eph.
2317 360 2402 419 4:
2449 359 2524 419 4.
2599 344 2713 433 ¹¹3¹?

1648 435 1881 497 clesiac
1906 431 2274 503 Catholicae
2293 431 2579 491 mentio
2610 435 2715 490 aba

1645 517 1769 577 fuit
1812 539 1849 578 a
1889 517 2116 599 primis
2154 516 2302 578 fidei
2335 517 2716 593 formulisf‘

1649 601 1883 664 Matth.
1957 603 2057 665 28:
2142 616 2237 681 19.
2342 600 2716 665 Ecclesia«

1643 687 1964 748 factiones
2024 683 2195 747 unde
2242 695 2490 759 ortae,
2549 685 2720 749 Luca:

1648 789 1745 834 21:
1819 771 1920 830 26.
2027 768 2354 830 Ecclesiae
2405 769 2704 829 ’iudicia

1642 865 1953 935 quatenus
2032 852 2400 915 inhibenda
2431 898 2454 929 ‚
2551 853 2722 923 Luc-2

1643 942 1701 1000 6:
1746 958 1847 999 22.
1936 935 2115 998 Ordo
2160 939 2294 1001 eius
2336 938 2418 997 in
2473 958 2708 997 sacra·

1641 1023 1920 1099 mentis,
1988 1021 2170 1080 Rom.
2225 1023 2443 1102 praes.
2546 1022 2705 1082 Per-

1637 1105 2026 1167 sectissimae
2065 1104 2274 1165 forma
2312 1127 2728 1187 quaenam„

1642 1191 1823 1251 Rom.
1875 1194 1969 1250 15:
2020 1190 2082 1248 6.
2158 1190 2730 1271 δρὶεηᾶοτ.οἰιιι,

1639 1283 1702 1334 et
1782 1273 2264 1354 tranquillitas,
2334 1285 2732 1356 postquam¹

1640 1360 1915 1419 accessit
1978 1357 2396 1418 Constantini
2464 1369 2545 1421 et
2606 1382 2698 1419 se-

1636 1443 1961 1523 quentium
2006 1443 2375 1523 Principum
2423 1446 2694 1521 tutela,

1636 1531 1840 1607 Apoc.
1886 1545 1983 1587 20:
2039 1547 2110 1603 1,
2161 1544 2261 1593 21:
2316 1547 2372 1592 1·
2448 1529 2693 1589 Status

1634 1615 1771 1673 eius
1839 1610 2335 1672 florentissimus
2396 1632 2436 1672 a
2505 1615 2697 1674 Con·

1635 1698 1925 1758 stantino
1991 1698 2075 1756 ad
2135 1696 2582 1757 lastinianum
2636 1699 2695 1757 i-

1635 1802 1818 1863 mago
1862 1780 2195 1841 felicitatis
2242 1782 2444 1842 seculi
2488 1786 2692 1842 sutu-

1633 1868 1732 1942 ri,
1777 1866 1938 1925 ibid.
2008 1865 2334 1937 Ecclesiae
2381 1867 2695 1948 primiti-

1635 1971 1757 2012 vae
1826 1952 2205 2015 constitutio
2275 1959 2342 2011 et
2405 1950 2640 2010 forma
2666 1993 2692 2026 ,

1635 2038 1779 2095 Act.
1838 2053 1898 2095 2:
1943 2047 2065 2111 44,
2131 2035 2192 2095 6:
2240 2052 2317 2110 2,
2390 2053 2488 2099 11:
2546 2053 2690 2116 3ο,

1635 2119 1817 2189 Rom.
1865 2122 1961 2175 12‘:
2012 2136 2070 2193 3.
2153 2115 2310 2179 Eius
2357 2128 2516 2178 nota
2566 2119 2696 2177 in·-

1632 2199 1875 2279 signis‚
1939 2199 2083 2259 Ioh.
2146 2219 2245 2281 13:
2313 2205 2414 2285 35.
2502 2200 2690 2263 Eius

1629 2294 1697 2344 et
1753 2283 2100 2347 modernae
2146 2282 2481 2345 Ecclesiae
2531 2286 2692 2346 dif-

1626 2368 1904 2428 ferentia
1945 2388 2210 2448 magna,
2250 2367 2391 2428 loh.
2425 2388 2523 2449 13:
2562 2373 2688 2447 35.

1629 2450 1958 2511 Ecclesiae
2008 2451 2292 2511 schisma
2335 2473 2413 2515 ex
2452 2452 2687 2511 ambi-

1626 2536 1804 2596 tione
1881 2544 2090 2598 ortum
2165 2534 2681 2598 Mahumetismo

1627 2620 1942 2701 originem
1979 2619 2196 2698 dedit,
2240 2623 2443 2701 Apoc.
2467 2642 2570 2683 20:
2604 2642 2676 2702 7.

1630 2703 1965 2767 Ecclesiae
2021 2704 2350 2766 Romanae
2395 2707 2674 2768 initium

1631 2811 1670 2848 a
1709 2790 1935 2869 quibus
1977 2789 2219 2854 factum
2263 2798 2329 2851 et
2369 2801 2662 2867 auctum,

1629 2874 1812 2938 Rom.
1856 2873 2062 2952 praes.
2137 2872 2294 2936 Eius
2338 2875 2663 2937 victoriae

1631 2980 1790 3038 pro‹
1837 2958 2101 3018 Christo
2185 2967 2251 3018 et
2329 2960 2606 3039 dignitas
2634 3004 2659 3036 ,

1629 3045 1835 3122 Apoc.
1884 3058 1980 3104 12:
2025 3047 2088 3104 5.
2165 3041 2493 3104 Ecclesiae
2537 3064 2657 3104 sua

1615 3124 1868 3187 ¹iudicia
1900 3128 2307 3205 reliquerunt
2333 3127 2658 3188 Constan-

1624 3213 1800 3270 tinus
1834 3220 1900 3278 et
1933 3211 2360 3290 Imperatores
2387 3231 2529 3280 eum
2555 3232 2658 3273 se-

1625 3297 1798 3369 cuti,
1842 3294 2003 3356 Luc.
2043 3293 2103 3354 6:
2148 3312 2251 3356 22.
2321 3293 2652 3358 Ecclesiae

1625 3379 1821 3438 totius
1859 3377 2179 3458 suffragiis
2212 3377 2460 3438 iudicia
2481 3380 2651 3442 inter
2691 3398 2695 3405 '

1627 3463 2035 3523 Christianos
2062 3461 2214 3521 olim
2235 3465 2529 3524 exerceri
2548 3486 2651 3525 so-

1622 3549 1745 3606 lita
1783 3547 2266 3607 moderantibus
2310 3548 2649 3629 Presbyte-

1622 3630 1780 3708 τίς,
1812 3630 2042 3690 Matth.
2092 3634 2188 3692 18:
2243 3647 2343 3712 17.
2427 3633 2647 3705 Eccle-

1621 3717 1754 3776 siae
1778 3715 2186 3782 Christianae
2205 3738 2514 3796 quaenam
2535 3713 2644 3780 d'o·

1620 3821 1708 3861 na
1730 3809 2063 3862 reservata
2089 3800 2253 3877 sint,
2293 3802 2436 3863 Act.
2466 3818 2556 3879 19:
2581 3818 2639 3862 2.

1622 3883 1958 3946 Ecclesiae
1970 3885 2481 3966 Praepositorum
2501 3903 2643 3964 gra-

1620 3991 1703 4030 ve
1772 3990 1998 4030 munus
2024 4016 2046 4049 ‚
2117 3970 2314 4030 Hebr.
2382 3984 2478 4049 13:
2547 3983 2638 4046 17.

1623 4053 1953 4116 Ecclesiae
1976 4055 2080 4134 qui
2105 4051 2515 4134 praeficietur
2531 4052 2635 4113 diu

1622 4139 1703 4198 ab
1764 4138 2160 4201 Ordinatore
2207 4136 2633 4216 explorandus

1619 4232 1720 4284 est
1743 4268 1763 4300 ‚
1835 4245 1859 4287 1
1889 4223 2084 4286 Tim.
2127 4225 2187 4284 5:
2235 4241 2350 4286 22.,
2385 4294 2392 4302 ,
2421 4219 2636 4282 Eccle-

1621 4309 1753 4369 siae
1817 4306 2201 4369 Rectoribus
2260 4304 2484 4386 prima*
2509 4326 2631 4368 esse

1621 4393 1813 4452 (lebet
1874 4390 2142 4452 unitatis
2207 4411 2402 4469 cura,
2467 4390 2632 4456 Rom.

2545 4493 2629 4556 17:
