2779 5085
363 222 484 282 218
1184 205 1707 274 INDEX

348 374 680 452 Sceptrum
727 371 910 452 regni
954 370 1226 434 Messiae
1267 373 1422 455 quid
1457 369 1669 429 Scorti
1696 362 2271 452 pretium⁸Hebraei
2297 374 2540 439 offerre

390 459 682 533 dicatur,
732 457 961 518 matth.
1011 477 1103 535 17:
1151 461 1252 519 28.
1496 474 1628 513 uon
1673 457 2036 537 debebant,
2075 463 2217 521 Act.
2261 480 2354 538 15:
2392 470 2513 541 ις).

340 542 548 604 Sceva
581 561 826 615 ‚nomen
875 546 1204 622 proprium
1246 545 1417 605 unde
1454 537 1800 602 Scortandi
1857 543 2274 604 interdictum
2333 568 2372 605 a
2419 548 2527 607 lu·

385 628 676 702 dicatur,
725 628 873 686 Act.
921 644 1015 708 19:
1070 640 1164 698 14.
1494 621 1673 685 dacis
1698 647 1832 686 non
1856 630 2119 707 ponitur
2138 631 2316 689 inter
2337 651 2529 710 prae-

338 711 633 772 Schisma
697 711 1067 791 plerumque
1132 713 1198 773 in
1258 711 1415 774 hae·
1491 719 1679 789 cepta
1719 708 2074 773 Adamo'et
2118 713 2295 775 Noae
2336 716 2537 791 data,

375 798 572 856 resim
614 805 905 869 eructat,
949 815 971 854 1
1007 796 1159 856 Cor.
1193 816 1284 858 11:
1320 818 1413 879 ¹9·
1490 792 1723 855 Manli.
1766 800 1825 858 5:
1877 819 1948 873 27
1976 843 1994 873 ,
2044 801 2190 859 Act.
2238 803 2333 860 15:
2382 818 2484 860 2ο.

379 879 763 941 schismatis
789 879 1101 940 vexillum
1126 901 1314 963 saepe
1341 886 1415 943 fit
1449 875 1820 941 Scribarum
1896 884 2173 943 officium
2205 926 2221 956 ‚
2295 884 2531 946 Matth.
2588 883 2596 893 ’

373 985 481 1028 res
542 966 848 1027 instituta
907 964 989 1024 ad
1050 978 1413 1049 concorpo-
1488 980 1546 1023 2:
1609 977 1672 1035 4.
1757 967 1834 1028 ln
1903 969 2142 1028 militia
2207 966 2521 1046 Iudaica,

371 1049 617 1110 randos
662 1048 883 1110 fideles
907 1093 924 1121 ,
957 1048 1123 1109 ibid.
1189 1051 1410 1113 Schis-
1486 1047 1720 1109 Matth.
1751 1052 1851 1113 26:
1883 1056 1988 1124 45.
2050 1052 2320 1113 Scribse
2358 1054 2522 1115 civi·

363 1144 612 1199 ‚matum
669 1134 738 1193 in
790 1133 1085 1195 Ecclesia
1133 1156 1405 1214 causae,
1483 1134 1640 1191 tntis
1680 1137 1955 1196 officiam
1989 1137 2156 1215 apud
2201 1137 2521 1199 Romanos

371 1218 607 1279 Matth.
657 1234 768 1301 24:-
805 1238 906 1296 29.
1483 1223 1989 1298 mercenarium,
2037 1222 2202 1302 apud
2238 1221 2518 1283 Graecos

281 1298 290 1307 ’
331 1302 708 1365 scholarum
751 1311 818 1362 et
841 1310 1156 1363 sectarum
1184 1305 1407 1367 diver·
1479 1299 1952 1382 honorificum,
1998 1306 2145 1367 Act.
2188 1325 2288 1368 22:
2331 1310 2436 1369 35.

367 1389 523 1447 sitas
591 1387 761 1467 apud
809 1386 1122 1466 ludaeos,
1174 1391 1408 1452 Matth.
1441 1384 1805 1466 Scriptores
1848 1411 1963 1449 sua
2001 1392 2206 1451 verba
2243 1392 2520 1453 aliorum

378 1474 471 1531 18:
529 1491 626 1549 ¹7·

325 1555 619 1617 Scientia
639 1554 791 1615 fidei
813 1555 1156 1636 perfectio,
1180 1559 1406 1621 Matth.
1480 1575 1625 1615 cere
1709 1561 1924 1619 solent
1949 1603 1968 1634 ,

1483 1470 1752 1533 directis
1799 1475 2204 1536 orationibus
2248 1476 2524 1556 permis·

2054 1560 2215 1620 Luc.
2284 1579 2341 1623 2:
2420 1580 2519 1629 ι2.

364 1643 467 1701 28:
521 1659 624 1702 2ο.
709 1640 998 1700 Scieutia
1063 1641 1296 1720 inflat,
1372 1666 1396 1706 ι
1482 1638 1850 1722 Scriptores
1908 1646 2080 1704 sacri
2134 1665 2202 1705 se
2261 1665 2522 1705 accom-

369 1724 522 1784 Cor.
557 1728 614 1785 8:
657 1742 713 1784 1.
777 1723 952 1784 Vera
990 1734 1089 1788 est
1121 1750 1284 1808 quae
1325 1732 1404 1791 ad
1481 1728 1748 1786 modmt
1831 1731 2023 1790 modo
2105 1730 2464 1790 minoribus
2492 1773 2513 1807 ,
2596 1749 2609 1754 ·

363 1809 637 1875 salutem
671 1818 997 1870 aeternam
1037 1815 1327 1892 proficit,
1372 1837 1394 1875 1
1483 1811 1672 1871 modo
1712 1813 2275 1893 provectioribus,
2312 1814 2524 1876 Hebr.

367 1895 542 1955 Tim.
565 1895 625 1956 6:
658 1912 757 1959 2ο.
819 1894 1152 1957 Scientiae
1181 1901 1402 1960 modus
1479 1892 1540 1955 6:
1597 1914 1650 1955 1·
2262 1946 2263 1949 η

364 1988 553 2060 auget
622 1980 879 2061 culpam
946 1983 1056 2063 vel
1123 1984 1400 2060 minuit,
1438 1978 1760 2060 Scriptum
1807 2002 1924 2059 pro
1969 1982 2144 2062 Lege
2184 2003 2372 2064 saepe
2416 1983 2520 2044 di-

353 2063 524 2126 Luc.
593 2083 686 2127 12:
750 2078 855 2144 47.
942 2067 1273 2130 scientiae
1340 2080 1399 2130 et
1481 2074 1639 2123 cunt
1690 2064 2048 2145 Rhetores,
2114 2067 2296 2126 Rom.
2345 2090 2401 2144 7:
2453 2068 2518 2129 6.

361 2148 775 2231 ignorantiae
844 2171 1057 2211 rerum
1123 2156 1399 2216 Divina·
1479 2146 1850 2228 Scriptum',
1921 2150 1990 2208 in
2066 2151 2233 2231 Lege
2300 2154 2516 2213 veteri

359 2255 507 2294 rum
555 2253 828 2310 causae,
879 2234 1111 2296 Matth.
1160 2256 1255 2300 ιιι
1299 2244 1401 2301 25.
1475 2234 1886 2313 praecipuum
1908 2235 2133 2308 est,in
2156 2235 2518 2317 Euangelio

322 2319 508 2379 Scire
552 2319 723 2400 leges
748 2363 763 2388 ,
803 2320 971 2399 quid
1014 2323 1180 2400 apud
1228 2324 1399 2385 Iuris
1475 2318 1727 2377 vocalis
1754 2319 2111 2393 institutio,
2143 2339 2165 2378 1
2198 2321 2348 2379 Cor.
2371 2326 2428 2382 3:
2455 2327 2519 2384 3.

365 2404 720 2478 consultos,
744 2404 1092 2466 Matth.12:
1113 2410 1170 2467 3.
1217 2408 1400 2470 Scire
1436 2400 1773 2481 Scriptura
1834 2404 1999 2462 solet
2060 2404 2138 2462 de
2185 2406 2369 2477 Deo,
2421 2407 2520 2467 uti

363 2497 433 2548 ut
467 2498 757 2569 oportet,
795 2499 895 2548 est
920 2490 1199 2551 scientia
1224 2503 1399 2554 recte

360 2573 458 2631 uti
509 2573 591 2632 ad
635 2592 814 2632 suam
861 2584 929 2633 et
974 2575 1245 2633 aliorum
1295 2598 1398 2637 sa-

363 2657 600 2730 lutem,
655 2676 679 2716 1
734 2657 884 2716 Cor.
926 2659 987 2717 8.

324 2741 625 2801 Scissura
657 2740 842 2820 pepli
895 2749 1005 2799 aut
1049 2741 1396 2804 velaminis

361 2823 677 2883 miraculo
735 2826 902 2903 apud
963 2824 1284 2886 Romanos
1332 2839 1397 2889 et

1477 2485 1553 2545 de
1590 2484 1852 2545 homine
1897 2487 2109 2566 loqui,
2150 2487 2315 2569 Eph.
2363 2506 2415 2550 ιτ
2446 2503 2514 2563 4.

1475 2568 1681 2650 Saepe
1723 2592 1827 2630 res
1873 2572 2265 2656 principales
2308 2583 2372 2633 et
2408 2596 2517 2635 re·

1476 2677 1613 2714 rum
1665 2656 2126 2734 principalium
2180 2662 2516 2739 praesagia

1479 2741 1737 2820 paribus
1778 2741 2054 2822 insignit
2095 2743 2507 2820 nominibus,

1476 2826 1681 2905 Apoc.
1729 2844 1826 2886 21:
1880 2844 1935 2884 1.
2024 2828 2361 2887 Divinitas
2406 2829 2515 2889 in-

363 2908 527 2968 alias
577 2919 799 2990 gentes
842 2910 1177 2969 indicabat
1224 2906 1393 2972 atro·
1470 2911 1722 2988 spirata
1777 2930 2093 2990 quaenam
2154 2914 2241 2984 sit
2286 2923 2351 2973 et
2394 2912 2516 2972 ha·-

362 2994 624 3053 citatem
663 2995 926 3054 sceleris
965 2995 1037 3054 in
1066 2994 1396 3057 Christum
1474 2995 1745 3069 beatur,
1793 3015 1831 3056 2
1873 2995 2046 3056 Tim.
2090 3000 2149 3058 3:
2199 2997 2296 3056 ιδ.
2380 2998 2514 3057 Im·

360 3077 723 3154 commissi,
774 3078 1005 3139 Matth.
1051 3099 1150 3156 27:
1199 3084 1304 3142 51.
1476 3079 1643 3161 pleri
1709 3079 1987 3155 dicitur,
2047 3081 2297 3160 quoties
2354 3082 2512 3160 quid

324 3163 504 3222 Scita
546 3164 718 3228 unde
760 3163 973 3239 dicta,
1014 3164 1162 3223 Act.
1203 3184 1258 3228 2:
1299 3171 1400 3247 39.
1476 3164 1717 3223 accidit
1750 3164 1938 3244 quale
1972 3165 2065 3223 ibi
2102 3165 2341 3224 dictum
2374 3175 2508 3244 est,

322 3249 594 3327 Scorpio
634 3248 933 3309 damnum
978 3249 1304 3330 significat
1337 3263 1401 3312 et
1475 3241 1616 3310 Ioh.
1667 3269 1761 3324 17:
1811 3268 1906 3308 12.
1974 3248 2118 3309 Non
2161 3249 2323 3309 adeo
2362 3252 2513 3310 ubi-

364 3333 691 3408 morbum,
722 3335 926 3411 Apoc.
947 3354 1006 3412 9:
1031 3338 1090 3395 3.
1136 3334 1396 3418 Scorpii
1472 3355 1592 3413 que
1636 3341 1735 3392 est
1772 3334 2110 3413 perspicua
2144 3343 2218 3393 nt
2256 3335 2333 3393 ab
2370 3356 2511 3395 om·-

365 3418 675 3475 dicuntur
708 3415 1002 3477 homines
1039 3418 1306 3481 barbari
1335 3432 1400 3482 et
1470 3420 1663 3478 nibus
1727 3427 1900 3477 recte
1960 3418 2200 3498 exponi
2248 3428 2359 3478 aut
2404 3421 2511 3479 in-

341 3501 573 3581 'aegris
620 3501 948 3577 moribus,
993 3502 1155 3563 ibid.
1472 3503 1680 3583 telligi
1747 3503 1994 3582 possit,
2067 3505 2212 3562 Act.
2275 3507 2334 3566 8:
2405 3510 2508 3565 δι.

319 3587 554 3648 Scorta
615 3605 662 3643 a
731 3586 1112 3646 Iudaeorum
1185 3588 1397 3672 Repu·
1475 3589 1849 3667 scripturae
1909 3597 1974 3647 et
2017 3587 2318 3667 inprimis
2367 3590 2509 3649 Mo-

361 3672 537 3730 blica
579 3670 861 3732 abfuisse
884 3717 902 3746 ,
948 3671 1181 3732 Matth.
1204 3677 1264 3736 5:
1298 3694 1399 3751 27.
1474 3674 1687 3733 sai‘cae
1720 3681 1987 3746 natura,
2019 3673 2250 3732 Matth.
2280 3692 2378 3735 22:
2410 3693 2510 3754 29.

365 3755 512 3815 Non
551 3756 627 3816 in
668 3756 934 3817 urbibus
971 3758 1087 3819 sed
1121 3757 1191 3818 in
1226 3760 1398 3842 agris
1473 3758 1630 3817 Eius
1658 3758 1939 3816 locorum
1968 3757 2211 3816 librum
2232 3766 2299 3817 et
2317 3768 2506 3837 caput

360 3842 766 3918 prostitisse,
812 3843 976 3901 ibid.
1470 3843 1808 3901 nominare
1872 3863 2004 3900 non
2054 3842 2508 3902 solebanblu'-

320 3926 647 3985 Scortatio
665 3947 820 3986 ‚cum
847 3926 1135 3986 naturali
1160 3928 1398 3988 hones-

301 4023 306 4026 *
361 4018 500 4069 tate
521 4021 793 4092 pugnat,
824 4011 1055 4073 Matth.
1076 4014 1137 4072 5:
1162 4027 1237 4091 47
1256 4057 1274 4087 ,
1295 4015 1398 4085 48.

361 4094 438 4153 In
474 4116 600 4172 quo
633 4096 763 4154 alia
798 4097 1073 4155 crimina
1105 4105 1396 4176 superet,

367 4197 391 4237 1
423 4177 645 4239 Confi:
672 4183 766 4240 18.
813 4184 911 4243 Ab
933 4183 1053 4240 illa
1073 4180 1395 4241 facileve-

358 4264 983 4342 nituradadulteria,
1006 4265 1051 4325 A
1065 4284 1203 4345 poc.
1221 4284 1278 4325 2:
1297 4285 1363 4326 2ι
1380 4307 1397 4324 .

320 4348 727 4410 scortatores
787 4373 907 4433 pro
969 4350 1347 4411 idololatris
1375 4396 1394 4426 ,

277 4495 286 4504 ,
360 4431 502 4495 loh.
544 4439 604 4496 8:
651 4448 757 4509 41·
818 4501 830 4512 κ

1473 3927 1658 4000 daei,
1707 3925 1901 3986 Hebr.
1943 3941 2005 3996 4=
2043 3940 2105 3996 4.
2173 3925 2330 3984 Eius
2373 3936 2506 3985 tes-

1471 4010 1759 4071 timoniis
1822 4005 2079 4070 veteoes
2135 4011 2507 4089 Scriptores

1471 4090 1657 4175 s'aepe
1699 4107 1966 4156 utuntur
2003 4096 2321 4156 sententia
2358 4097 2510 4172 tan-4
2582 4091 2591 4098 ⁸

1471 4190 1600 4240 tum
1623 4201 1701 4241 ex
1726 4180 2029 4244 memoria
2048 4179 2321 4251 reddita,
2345 4177 2508 4240 Luc.

1480 4249 1580 4326 ι2ει
1616 4269 1717 4327 50.
1792 4266 2193 4344 scripturam
2233 4263 2506 4324 Sacram

1472 4361 1730 4430 praeter
1796 4368 2050 4411 sensum
2117 4346 2507 4409 historicum

1469 4435 1789 4497 occultari
1861 4434 2053 4495 alium
2117 4435 2509 4500 eminentie-

2332 4540 2510 4595 reni,
