2779 5085
544 254 548 261 ,
650 186 1041 264 RERUM
1133 222 1236 291 ιφ
1327 201 1985 267 νειιιιοιιυιι.
2298 224 2425 290 255

249 359 499 433 ⁵solum·
532 360 866 439 restabat,
915 362 1055 424 Iob.
1095 362 1324 424 12328.
1383 382 1558 443 quae
1622 381 1662 422 a
1716 363 2058 427 iuventute
2115 364 2380 431 adsuere
2404 411 2430 445 ,

287 441 434 504 Vox
473 446 569 503 bis
606 447 817 523 posita
853 447 1150 512 affectum
1184 446 1320 507 exi·
1402 447 1648 527 1011.93
1697 450 1800 517 34.

288 530 482 588 mium
532 527 870 609 designat,
934 531 1109 592 Phil.
1152 545 1214 602 43
1262 544 1326 628 4.
1366 533 1687 592 Utilitatis
1718 551 1944 596 causa
1999 541 2260 612 reperta
2317 533 2437 595 du-

290 612 469 673 Voce
535 615 835 674 utebatur
899 617 1199 677 Christus
1255 615 1327 674 in
1404 618 1580 683 riore
1615 616 2157 696 interpretatione
2191 618 2263 675 in
2293 618 2438 679 odi-

289 696 685 758 excitandis
714 702 1032 777 mortuis,
1079 700 1327 760 Ιο11.63
1407 722 1514 769 um
1572 700 1935 780 retorqueri
1980 718 2113 765 non
2159 701 2437 778 debent,

293 786 399 843 25.
486 780 694 845 Voces
736 804 955 844 rerum
1000 794 1191 845 notae
1233 783 1330 842 di·
1410 787 1615 847 Marc.
1659 805 1718 845 23
1768 805 1871 863 27.
2292 826 2307 845 .

298 874 578 941 cuntur,
624 867 858 928 Matth.
884 887 939 929 13
970 888 1074 932 22.
1129 868 1334 928 Voces
1371 871 1655 931 Uvarum
1678 866 2441 966 pressuraproeffusione

296 950 555 1010 easdem
616 953 822 1011 variis
878 953 1173 1013 sensibus
1221 973 1335 1033 po·
1411 946 1785 1034 sanguinis,
1834 953 2037 1032 Apoc.
2090 966 2181 1022 143
2237 971 2334 1031 19.

297 1045 639 1095 nereamat
659 1037 920 1113 Paulus,
947 1037 1130 1096 Rom
1151 1057 1207 1112 7.
1230 1056 1333 1117 23,
1370 1039 1666 1097 Vulnera
1725 1037 1856 1095 cito
1916 1036 2193 1095 obducta
2251 1035 2447 1102 facile

295 1122 357 1189 8;
416 1119 514 1178 16
601 1118 804 1184 Voces
833 1143 982 1201 per
1045 1121 1327 1180 transla-
1412 1122 1916 1197 recrudescunt,
1956 1119 2189 1180 Matth.
2222 1125 2314 1181 133
2353 1123 2449 1180 ι6.

299 1205 543 1263 tionem
592 1182 979 1285 usurpatae,
1027 1205 1172 1264 aliis
1214 1203 1330 1263 ali·
1412 1206 1707 1265 Vulnera
1787 1205 1884 1267 uti
1964 1205 2034 1264 in
2107 1215 2449 1284 persanato

300 1296 403 1348 ter
441 1297 871 1368 usurpantur,
917 1289 1101 1348 Rom.
1126 1286 1186 1349 63
1221 1305 1335 1363 11,
1415 1310 1686 1370 corpore
1747 1306 1907 1348 ιιοιι
1944 1297 2295 1375 apparent,
2354 1290 2479 1349 ita·

219 1450 224 1463 ἱ
302 1371 471 1452 Eph.
535 1392 592 1435 23
663 1391 766 1433 20.
851 1372 1160 1433 Eiusdem
1229 1381 1341 1431 aut
1414 1395 1534 1435 nec
1571 1374 1851 1433 crimina
1882 1395 2045 1452 quae
2076 1360 2233 1432 olim
2268 1374 2449 1434 suere

302 1456 644 1537 propinqui
713 1453 1117 1537 significatus
1165 1457 1340 1515 inter
1414 1461 1483 1527 in
1528 1459 1746 1518 animo
1790 1469 2054 1531 sanato,
2094 1459 2275 1518 Rom.
2298 1472 2359 1529 4:
2388 1479 2453 1536 7.

302 1561 369 1600 se
434 1541 697 1600 vinctae
755 1562 1050 1622 magnam
1096 1540 1344 1599 habent
1376 1542 1558 1601 Uxor
1597 1563 1680 1600 an
1716 1542 2007 1614 ducenda
2046 1544 2166 1614 sit,
2204 1564 2447 1619 necne,
2501 1582 2507 1588 ·

302 1620 687 1698 efficaciam,
738 1624 881 1684 Col.
921 1645 976 1706 3:
1030 1642 1126 1685 12.
1188 1624 1339 1683 Plu-

1424 1647 1450 1687 1
1517 1627 1669 1685 Cor.
1714 1645 1772 1703 7:
1826 1643 1880 1684 1.
1966 1624 2169 1691 Uxor,
2210 1626 2450 1687 dicitur

301 1728 407 1768 res
453 1727 558 1766 ex.
593 1707 846 1767 Latinis
890 1709 1166 1770 Graecas
1202 1729 1342 1768 esse
1383 1710 1552 1771 ‘viri
1594 1710 1937 1783 columna,
1991 1726 2012 1765 ι
2058 1709 2228 1767 Tim.
2259 1714 2319 1770 3:
2357 1714 2452 1770 ι6.

303 1791 553 1867 factas,
601 1790 836 1851 Matth.
881 1814 981 1871 273
1031 1793 1134 1853 26.
1215 1792 1343 1851 Vo-

306 1895 449 1934 cum
488 1875 977 1947 ¹universalitas
1037 1876 1345 1956 restringi

309 1960 506 2020 debet
562 1980 646 2019 ex
695 1960 981 2021 subiecta
1030 1961 1344 2039 materia,

312 2062 339 2105 1
390 2043 532 2104 loh.
576 2064 633 2104 2:
677 2064 776 2104 2ο.
846 2046 1011 2106 Vide
1063 2046 1345 2106 Univer-

215 2146 221 2157 ·
305 2130 531 2189 salitas
577 2144 838 2195 vocum.
928 2130 1172 2189 Vocum
1242 2129 1345 2186 in-

306 2215 599 2273 curiosos
641 2213 841 2274 fuisse
869 2215 1249 2293 Apostolos,
1274 2213 1347 2271 in

1423 1795 1605 1854 Uxor
1641 1795 2136 1852 instrumentum
2170 1792 2344 1868 viri,
2382 1804 2456 1853 ut

1423 1895 1655 1957 corpus
1691 1879 2190 1936 instrumentum
2219 1877 2452 1954 animi,

1421 1962 1591 2041 Eph.
1635 1966 1695 2021 5:
1748 1963 1849 2020 28.
1937 1960 2117 2019 Uxo'r
2178 1961 2451 2022 alicuius
2480 2004 2481 2007 η

1422 2047 1662 2107 dicitur
1696 2065 1855 2124 quae
1884 2043 2010 2102 fuit
2034 2064 2233 2121 uxor,
2258 2046 2452 2105 etiam

1420 2124 1654 2195 marito
1689 2130 1819 2188 iam
1856 2128 2196 2204 defuncto,
2240 2149 2261 2188 1
2298 2129 2453 2197 Cor,

1421 2218 1482 2276 6·
1515 2233 1567 2274 1.
1611 2213 1793 2273 Uxor
1818 2234 1932 2294 per
1954 2234 2113 2292 quae
2144 2212 2452 2276 Hebraeis

306 2318 499 2357 sensu
513 2298 1222 2379 perspicuos,Matth4:
1249 2317 1346 2360 10.
1422 2300 1679 2359 dicitur
1705 2298 2163 2372 sanctificari,
2207 2298 2278 2357 id
2316 2308 2456 2376 est,

306 2464 546 2539 fuisse,
591 2467 739 2526 Act.
783 2486 842 2544 7:
892 2488 952 2546 2.

153 2420 158 2429 ·
268 2380 364 2441 Ur
405 2381 477 2440 in
540 2402 664 2461 qua
729 2383 999 2462 regione
1044 2383 1346 2445 videatur
1424 2385 1567 2445 fieri
1603 2383 1893 2465 legitima
1929 2383 2205 2458 coniux,
2245 2401 2271 2441 1
2306 2383 2459 2445 Cor.

1422 2481 1633 2547 7:14·

267 2550 453 2612 ,Urim
501 2559 568 2610 et
623 2538 944 2610 Tummim
1002 2552 1347 2611 consulere
1382 2553 1567 2614 Uxor
1587 2552 1825 2612 leniter
1845 2552 2204 2623 tractanda,
2228 2551 2458 2613 Matth.

318 2635 557 2714 Regum
609 2645 754 2710 erat
798 2646 909 2696 aut
954 2656 1345 2696 summorum
1424 2642 1485 2699 5:
1516 2637 1634 2711 32,
1665 2636 1807 2695 Col.
1832 2641 1890 2700 3:
1900 2657 2028 2735 19,
2066 2655 2087 2694 ι
2117 2636 2291 2696 Petr.
2302 2640 2370 2698 33
2397 2651 2458 2715 7,

316 2720 804 2798 Magistratuum
835 2767 854 2797 ,
901 2719 1043 2781 Ioh.
1094 2738 1191 2781 11:
1240 2723 1347 2780 60.

315 2804 500 2866 Urim
563 2804 717 2883 quid
778 2807 1021 2865 rectius
1092 2804 1349 2863 dicatur

267 2908 504 2967 >quam
571 2888 853 2968 fulgores
920 2890 987 2948 in
1033 2887 1349 2966 pectorali

316 2975 542 3036 summi
573 2973 942 3033 Sacerdotis
962 3018 978 3046 ,
1008 2973 1137 3050 lac.
1168 2990 1222 3033 1:
1252 2988 1351 3044 17.

276 3055 459 3114 Urna
515 3053 724 3116 aurea*
762 3079 899 3116 cum
952 3059 1192 3119 Manna
1240 3055 1350 3113 ubi

316 3141 737 3203 servabatur
718 3161 790 3201 ιιι
817 3144 1124 3224 Templo,
1154 3139 1353 3200 Hebr.

314 3238 486 3305 9·4·

269 3281 526 3369 'Usurae
597 3331 679 3369 an
742 3309 1011 3390 licitae,
1079 3309 1349 3370 nec-ne?

321 3394 482 3454 Luc.
528 3394 587 3454 63
633 3396 744 3456 35
832 3393 933 3455 Ex
989 3416 1175 3456 mora
1216 3414 1352 3453 non

320 3478 641 3553 iniustae,
686 3477 848 3538 ibid.

279 3562 444 3621 Usus
492 3563 801 3640 pecuniae
838 3562 1352 3624 aestimationem

321 3646 593 3724 recipit,
642 3642 825 3705 ibid.'

1425 2680 1635 2781 Uxori
1676 2720 1853 2779 facta
1894 2722 2177 2796 iniuria,
2221 2723 2458 2782 marito

1424 2806 1598 2864 facta
1624 2814 1958 2880 censetur,
1979 2805 2213 2868 Matth.
2236 2808 2334 2867 253
2353 2821 2460 2877 40.

1426 2888 1636 2946 Uxori
1711 2888 2046 2949 discedere
2118 2911 2152 2948 a
2223 2892 2457 2950 marito

1426 2973 1567 3051 lege
1608 2971 1804 3031 Mosis
1840 2992 1971 3030 non
2009 2972 2277 3048 licebat,
2318 2973 2461 3034 loh.

1427 3069 1488 3127 43
1548 3057 1644 3113 18.
1734 3054 2011 3132 Legibus
2076 3054 2336 3114 Graecis
2393 3069 2465 3118 et

1430 3137 1741 3200 Romanis
1776 3146 2037 3211 contra,
2075 3157 2096 3196 1
2135 3137 2368 3220 Cor-'72
2394 3162 2460 3220 9.

1432 3225 1715 3283 Uxorem
1753 3222 1946 3288 alteri
1972 3243 2104 3281 non
2134 3243 2316 3301 posse
2343 3245 2465 3288 ιιιι-

1429 3310 1584 3369 bere
1610 3316 1759 3368 ante
1784 3316 2052 3366 mortem
2077 3306 2311 3387 prioris
2334 3328 2469 3368 ma-

1431 3394 1586 3470 riti,
1631 3390 1862 3452 Matth.
1902 3394 1963 3453 5:
2012 3395 2114 3453 32.
2181 3390 2466 3474 Uxorem

1432 3477 1710 3539 adulteri
1747 3497 1876 3535 non
1918 3477 2197 3557 potuisse
2240 3476 2468 3537 divor-

1431 3572 1610 3636 tere,
1672 3562 2085 3626 observatum
2139 3562 2463 3639 quondam

1429 3647 1605 3705 inter
1649 3645 2100 3718 Christianos,
2143 3645 2306 3705 ibid.
2377 3645 2469 3710 U-

280 3730 368 3789 Ut
404 3730 725 3808 particula
754 3750 887 3789 non
920 3751 1172 3812 semper
1202 3753 1356 3791 cau-

325 3835 460 3875 sam
497 3814 747 3893 reddit,
776 3814 890 3873 sed
920 3837 1107 3898 saepe
1140 3837 1352 3877 rerum

319 3901 566 3959 exitum
622 3898 994 3979 significant
1019 3944 1039 3977 ,
1114 3921 1138 3960 ι
1206 3902 1356 3962 Cor.

328 4004 422 4044 11:
478 4004 501 4043 1
557 4029 574 4047 .

282 4004 795 4134 Πῐθιιιιι901ιιιιιιιιε
815 4072 881 4123 et
898 4076 1155 4147 apertus
1173 4067 1353 4147 quid,

324 4153 484 4212 Luc.
510 4173 567 4214 23
600 4156 700 4213 23.
767 4150 998 4211 Uterus
1026 4153 1349 4212 formandi

321 4236 607 4297 bominis
647 4245 901 4295 moneta
937 4238 1179 4297 dicitur
1219 4237 1354 4297 Ma-

1430 3750 1654 3791 xorem
1720 3730 1948 3808 quavis
1997 3729 2076 3788 de
2125 3749 2319 3788 causa
2366 3730 2495 3802 ‹li-¹

1440 3898 1720 3957 Uxorem
1751 3917 1831 3957 ex
1862 3897 2271 3977 sponsalibus
2297 3898 2462 3978 dici,
2518 3931 2525 3940 ·

1434 3981 1668 4045 Matth.
1720 3982 1925 4046 1316.
2012 3981 2265 4041 Uxores
2324 3982 2464 4044 iure

1434 4067 1731 4127 Hebraeo
1761 4074 1950 4125 erant
1981 4066 2051 4125 in
2084 4086 2276 4125 manu
2309 4087 2469 4127 con-

1397 4152 1637 4232 iugis,
1686 4149 1918 4214 Matth.
1959 4152 2019 4212 63
2067 4154 2169 4213 31.
2256 4150 2470 4212 Voca-

1431 4238 1670 4296 bantur
1734 4236 1813 4294 de
1874 4235 2136 4294 nomine
2195 4238 2464 4314 mariti,

326 4322 580 4397 orobio,
618 4320 759 4379 Gal.
785 4336 844 4392 4:
881 4343 973 4402 19.
1031 4322 1130 4381 Ab
1169 4329 1355 4380 utero
1435 4322 1618 4380 Rom.
1660 4340 1719 4399 9:
1766 4322 1826 4380 3.
1877 4357 1889 4402 4
1914 4319 2165 4379 Uxores
2205 4319 2384 4379 viros
2429 4341 2468 4378 a

320 4404 626 4470 dicuntur
667 4406 948 4467 adfuisse
983 4407 1173 4470 nobis
1216 4427 1352 4481 res,
1428 4405 1560 4468 fide
1642 4404 1892 4465 alienos
1965 4404 2262 4465 deserere
2329 4424 2467 4461 ιιοιι

2314 4506 2470 4567 pos-

1433 3816 1689 3873 mittere
1713 3813 2047 3885 nonlicet,
2076 3812 2272 3874 Marc.
2293 3832 2386 3874 103
2411 3836 2467 3875 2.
2550 3879 2551 3882 ,
