2779 5085
731 204 1123 273 RERUM
1211 220 1310 262 na·
1397 195 2055 297 VBP-EORUM.
2372 206 2494 285 ¹67

348 362 556 429 Nosse
623 373 827 427 semet
895 363 1334 425 difficillimum
1362 404 1383 435 ,
1419 353 1641 415 Nudus
1679 353 1990 416 Hebraeis
2030 356 2267 417 dicitur
2300 379 2498 442 supe-

357 453 515 511 Luc.
586 456 678 510 18:
747 474 809 529 9.
914 448 1116 508 Nosse
1178 450 1382 506 Deum
1457 442 1634 500 riore
1658 448 1837 500 veste
1864 442 2490 524 exutus,10h.21:7.

346 537 493 617 quis
536 535 858 615 quomodo
902 534 1199 609 dicatur,
1241 530 1384 591 loh.
1420 523 1604 584 Nudo
1641 524 1851 603 capite
1880 525 2025 586 fieri
2050 528 2208 606 quid
2234 528 2491 591 dicatur

347 636 408 690 [μ
457 640 559 681 22.
618 692 625 695 ¹
771 632 778 641 ·
1460 609 1629 689 apud
1671 608 1988 686 Graecos,
2035 629 2059 669 1
2111 612 2262 671 Cor.
2303 631 2398 674 11:
2425 633 2492 675 2.

303 705 515 767 Notae
619 702 870 762 liberae
954 698 1382 780 professionis
1419 691 1588 752 Nudi
1632 692 1934 754 dicuntur
1969 694 2076 773 qui
2117 704 2306 755 extra
2341 717 2496 759 cor-

350 785 877 859 Christianismi,
928 785 1134 865 Apoc.
1184 800 1276 855 14:
1331 804 1381 842 1.
1456 798 1570 856 pus
1617 785 1809 853 sunt,
1856 797 1893 838 2
1937 778 2113 839 Petr.
2160 800 2211 840 ιε
2264 793 2361 851 14.

347 875 555 935 Notae
589 872 826 951 quibus
862 878 927 930 et
959 869 1061 928 cui
1090 869 1380 948 corporis
1417 861 1848 939 Nudipedalia
1911 871 2064 922 sunt
2126 864 2263 923 dies
2322 864 2489 927 ἰείη-ο
2571 912 2580 920 .

344 957 516 1039 parti
541 956 824 1036 imprimi
841 954 1160 1029 solebant,
1177 958 1381 1036 Apoc.
1457 947 1749 1019 nicrum,
1796 945 2031 1007 Matth.
2071 967 2130 1027 9:
2184 952 2280 1008 15.

355 1047 449 1104 13:
508 1041 607 1100 16.
1416 1028 1659 1089 Numae
1718 1029 2066 1090 videbatur
2121 1033 2291 1110 pium
2349 1054 2485 1096 non

303 1126 599 1188 Novatus
662 1130 729 1184 et
786 1121 1196 1183 Novatianus
1257 1140 1378 1198 qua
1451 1134 1592 1173 esse
1654 1114 2011 1175 assimilare
2055 1117 2330 1177 meliora
2372 1140 2489 1200 pe·-

346 1213 426 1270 de
466 1229 659 1268 causa
683 1206 1034 1267 schismata
1063 1204 1376 1278 fecerint,
1450 1197 1698 1258 ioribus
1722 1240 1742 1272 ,
1791 1198 1974 1257 Rom.
2023 1218 2076 1260 1:
2127 1205 2228 1262 23.
2483 1210 2491 1221 “

347 1294 533 1354 Rom.
601 1294 697 1353 16:
767 1305 839 1363 14
866 1335 886 1367 ,
952 1291 1150 1351 Hebr.
1207 1289 1268 1350 6:
1316 1302 1378 1358 4.
1417 1281 1662 1342 Numen
1695 1283 1869 1360 quod
1901 1292 2033 1357 est,
2078 1292 2178 1342 est
2211 1293 2277 1344 et
2316 1306 2487 1346 sem-

348 1378 756 1441 Novatianus
801 1377 1183 1457 castigatus,
1224 1373 1378 1432 Luc.
1457 1387 1609 1446 per,
1656 1375 1721 1426 et
1765 1387 2089 1447 nunquam
2136 1389 2271 1427 non
2313 1372 2485 1449 erit,

351 1484 405 1524 a:
458 1467 562 1525 35.
648 1460 1003 1521 Novatiani
1045 1461 1131 1518 in.
1162 1459 1378 1519 Euan·
1452 1470 1489 1511 2
1532 1450 1705 1511 Petr.
1748 1455 1806 1512 3:
1854 1454 1917 1510 8.
2002 1450 2284 1513 Numina
2330 1476 2492 1535 gen-

343 1549 530 1629 geliis
580 1566 713 1606 non
762 1545 1197 1605 obliterarunt
1240 1541 1375 1601 his·
1449 1535 1619 1593 tium·
1682 1534 2177 1613 antiquissima,
2249 1539 2485 1603 Matth.

337 1633 577 1692 toriam
624 1631 996 1703 adulterae,
1041 1628 1181 1689 Ioh.
1218 1630 1277 1688 8:
1324 1646 1377 1687 1.
1457 1637 1552 1681 10:
1599 1621 1703 1678 25·
1788 1617 2065 1679 Numina
2109 1621 2481 1702 legion-um,

344 1716 858 1778 Novatianorum
977 1713 1375 1790 descriptio,
1452 1702 1684 1763 Matth.
1727 1717 1827 1774 24:
1882 1707 1978 1767 15.

346 1799 582 1862 Matth.
646 1803 740 1860 13:
799 1812 905 1869 41.
989 1796 1374 1858 Novatianis
1412 1786 1676 1848 Numeri
1704 1788 2162 1848 scribebantur
2185 1789 2343 1849 olim
2365 1811 2483 1871 per

342 1886 846 1965 chrysostomus
907 1881 1292 1962 respondit,
1449 1882 1684 1948 notas,
1751 1882 1819 1932 et
1882 1873 2038 1933 inde
2102 1874 2172 1932 in
2243 1873 2480 1935 Bibliis

343 1969 583 2039 Matth.x
632 1971 722 2029 28:
775 1986 876 2027 22.
1450 1956 1636 2016 multi
1682 1956 1945 2017 admissi
1989 1976 2292 2036 errores,
2339 1960 2485 2022 Gal.

298 2056 557 2120 Novum
636 2051 681 2111 F
686 2052 838 2112 edus
911 2050 1051 2110 sive
1120 2057 1371 2128 pactum
1452 2062 1509 2103 2:
1566 2060 1620 2100 1.

340 2161 465 2220 quo
499 2158 691 2198 sensu
716 2138 810 2196 sic
838 2136 1077 2195 dictum
1097 2180 1113 2208 ‚
1145 2132 1375 2194 Matth.
1411 2124 1749 2184 Nummum
1852 2125 2091 2184 cudere
2118 2168 2137 2200 ,
2226 2124 2481 2207 signum

340 2223 640 2303 inscript.
706 2221 859 2280 Eius
903 2240 1035 2279 vox
1066 2219 1238 2278 unde
1270 2239 1370 2277 ac·
1449 2210 1989 2289 summiimperii,
2014 2208 2359 2271 Matthan:
2381 2230 2483 2272 20.

343 2317 529 2388 cepta
554 2351 572 2381 ,
639 2306 802 2365 ibid.
889 2305 1373 2383 Appellationes
1451 2294 1505 2354 N
1513 2315 1758 2354 nmmos
1792 2314 2198 2375 corrumpere
2230 2295 2482 2358 crimen

340 2396 605 2475 plures,
655 2391 814 2450 ibid.
901 2388 1155 2449 Novum
1215 2389 1369 2448 Tes-
1448 2382 1661 2438 laesae
1709 2379 2105 2452 Maiestatis,
2149 2378 2313 2439 ibid.
2414 2402 2419 2411 ·

342 2485 690 2538 tamentum
755 2495 872 2534 cur
932 2474 1027 2535 ita
1088 2474 1175 2533 sit
1234 2473 1371 2532 dic·
1410 2462 1700 2524 Nunnius
1726 2482 1861 2522 vox
1889 2463 2164 2546 originis
2193 2463 2482 2541 Siculae,

341 2574 517 2641 tum,
562 2560 724 2620 ibid.
1449 2550 1590 2610 loh.
1641 2568 1733 2610 12:
1784 2552 1845 2609 3.

301 2648 550 2711 Novum
594 2644 764 2704 nihil
803 2665 839 2703 a
882 2641 1144 2705 Christo
1189 2662 1373 2723 prae·
1411 2634 1660 2716 Nuptae
1699 2634 2003 2692 decorum
2039 2651 2175 2692 non
2204 2640 2335 2706 est,
2367 2632 2484 2692 be·-

341 2734 512 2813 cipi,
557 2728 789 2792 Matth.
843 2733 936 2790 18:
989 2748 1086 2806 ¹7·
1450 2719 1750 2779 neficium
1784 2716 2088 2777 conferre
2120 2718 2351 2775 marito
2375 2717 2485 2777 in·-

303 2817 445 2879 Nox
472 2838 588 2894 pro
612 2834 829 2874 rerum
848 2813 1162 2872 bonarum
1184 2807 1371 2890 igno·
1450 2802 1754 2876 conscio,
1798 2800 1940 2862 Ioh.
1966 2815 2027 2872 4:
2063 2800 2158 2860 16.
2227 2800 2479 2880 Nuptae
2587 2863 2594 2870 ,

339 2901 599 2971 rantis,
667 2900 853 2960 Rom.
923 2900 1018 2959 13:
1078 2915 1188 2969 123
1258 2915 1374 2971 pro
1449 2907 1660 2947 novae
1699 2895 2109 2966 comparatur
2143 2884 2481 2946 Ecclesiae

345 2985 669 3046 aerumnis
696 3030 711 3055 ,
743 2982 903 3041 Luc.
936 3001 1028 3059 17:
1059 2983 1160 3050 34.
1230 2976 1369 3037 Nox
1448 2970 1798 3049 splendor,
1856 2970 2256 3047 temporibus
2307 2970 2484 3030 Con-

338 3093 457 3149 pro
483 3068 807 3146 corporali
830 3065 1120 3126 absentia
1145 3061 1369 3122 Chris·
1448 3054 1723 3114 stantini
1802 3060 1869 3113 et
1932 3060 2155 3132 postea
2179 3098 2202 3130 ,
2273 3053 2481 3134 Ap00‚

342 3156 394 3214 ti
423 3201 440 3229 ,
508 3153 647 3216 Ioh.
711 3173 770 3230 9:
835 3165 908 3223 4.
985 3148 1129 3209 Nox
1198 3148 1371 3206 sures
1450 3157 1546 3200 21:
1596 3159 1657 3200 2.
1999 3197 2004 3206 Α

341 3239 540 3320 tegit,
591 3258 615 3298 1
666 3236 896 3297 Thess.
934 3237 995 3297 5:
1039 3248 1102 3302 4.
1171 3231 1372 3304 Navig-
1406 3222 1683 3304 Nuptiae
1739 3220 1971 3301 quibus
2030 3218 2481 3299 necessariae,

344 3324 639 3405 gantibus
664 3321 1004 3390 terribilis,
1033 3316 1373 3388 Ioh.6:17.
1453 3329 1477 3369 1
1532 3309 1680 3368 Cor.
1724 3327 1781 3385 7:
1819 3326 1879 3366 2.
1942 3300 2329 3383 Nuptiarum
2373 3325 2484 3365 ce-

344 3410 661 3471 Pudorem
686 3406 934 3481 adimit,
960 3404 1371 3464 Rom.13;13.
1446 3392 1911 3454 lebrandarum
1949 3390 2113 3448 ritus
2156 3388 2331 3448 inter
2373 3388 2483 3449 Iu·-

302 3494 525 3555 Noxae
561 3512 692 3551 vox
727 3491 809 3551 ad
838 3490 1098 3571 privata
1135 3487 1373 3547 delicta
1442 3480 1643 3555 ‚daeos
1685 3486 1943 3538 veteres
1966 3519 1986 3549 ,
2030 3472 2263 3536 Matth.
2291 3476 2389 3534 25:
2428 3494 2483 3533 1.

341 3577 577 3646 reserri
619 3577 827 3652 solet,
872 3574 1025 3635 Luc.
1068 3576 1167 3633 23:
1212 3585 1274 3643 4.
1448 3563 1716 3643 Nuptias
1765 3559 2081 3621 secundas
2123 3579 2256 3617 non
2299 3566 2480 3617 recte

299 3662 557 3724 Nubere
601 3661 680 3721 de
711 3661 941 3738 quibus
979 3658 1236 3739 proprie
1274 3655 1370 3715 di-
1447 3646 1781 3722 damnari,
1808 3642 2120 3707 Matth.5:
2144 3645 2248 3704 32.
2292 3641 2483 3721 Apud
2523 3649 2524 3654 ’

340 3757 525 3807 catur
548 3794 566 3823 ,
618 3764 643 3805 1
699 3744 850 3806 Cor.
897 3764 955 3818 7:
1006 3765 1067 3821 9.
1447 3730 1770 3794 Romanos
1804 3739 1871 3789 et
1905 3727 2067 3788 alias
2093 3734 2315 3807 gentes
2341 3746 2481 3786 esse

302 3830 515 3893 Nubes
546 3852 660 3911 pro
687 3829 970 3889 efficacia
997 3825 1140 3899 Dei,
1171 3826 1373 3903 Apoc.
1444 3818 1656 3879 minus
1680 3814 2043 3874 laudabiles
2061 3856 2076 3884 ‚
2096 3812 2264 3870 Luc.
2291 3829 2348 3872 2:
2374 3811 2479 3887 36,

348 3935 440 3977 11:
490 3919 554 3977 5.
641 3914 1056 3974 celeritatem
1123 3908 1368 3990 signifi-
1456 3922 1480 3962 1
1524 3901 1695 3961 Tim.
1733 3903 1793 3960 3:
1831 3917 1902 3971 2,
1946 3900 2006 3958 5:
2048 3898 2108 3955 8.
2174 3889 2304 3954 Eas
2347 3917 2484 3956 non

343 4011 488 4076 cat,
533 4000 738 4079 Apoc.
782 4012 876 4069 14:
927 4011 1025 4068 14.
1112 3995 1375 4053 Dicitur
1445 3985 1630 4048 obire
1675 3984 1817 4043 laus
1867 4001 2096 4061 magna
2140 3979 2482 4058 mulieris,

342 4086 492 4147 Dei.
529 4094 615 4145 'et
685 4082 931 4144 Christi
1001 4100 1225 4139 currus
1253 4124 1273 4154 ,
1347 4097 1372 4135 1
1446 4090 1611 4153 pene
1660 4068 1830 4147 apud
1876 4086 2096 4127 omnes
2138 4063 2483 4143 nationes,

341 4171 573 4231 Thess.
611 4182 671 4239 4:
726 4188 794 4246 17
822 4212 842 4242 ,
887 4164 1119 4227 Matth.
1148 4177 1243 4234 24:
1275 4165 1375 4224 30.
1450 4157 1610 4217 Luc.
1656 4172 1712 4214 2:
1763 4151 1865 4214 36.
2317 4177 2323 4184 ’

338 4257 803 4335 Argumentum
839 4260 937 4312 est
971 4252 1110 4308 irae
1137 4257 1201 4307 et
1226 4248 1374 4308 vin·
1407 4241 1621 4305 Nurus
1647 4245 1925 4297 vocatur
1952 4233 2111 4310 filia,
2136 4232 2367 4296 Luca:
2388 4253 2488 4311 27.

339 4340 554 4401 dictae
603 4338 890 4400 Divinae
916 4380 938 4413 ,
993 4332 1226 4396 Matth.
1275 4331 1372 4393 26:
1409 4327 1655 4390 Nutare
1689 4322 1950 4403 quinam
1983 4320 2272 4397 soleant,
2301 4319 2486 4380 Rom.

341 4423 445 4494 64.
1455 4423 1554 4474 '112
1603 4411 1665 4467 8.
2031 4423 2034 4426 “

1479 4495 1488 4502 ’
1569 4494 1687 4564 [4
2265 4481 2270 4488 ’
2433 4485 2489 4544 Ο

2355 4789 2362 4794 ‚
2451 4689 2550 4752 s
