2779 5085
653 218 1045 284 mir-uu

1135 239 1237 285 ιι
1322 217 1990 286 VEB-nonunt.

2299 251 2421 315 233

285 393 356 445 et
378 379 938 456 Barcbochebam,
963 378 1105 442 1011.
1131 400 1188 442 13
1221 400 1319 461 ¹9·
1351 381 1507 460 Syri
1543 401 1663 441 cur
1692 383 1917 442 vocati
1949 394 2101 446 sunt
2132 386 2428 449 Karoni-

288 469 500 531 Pilato
563 466 949 525 sententiam
1010 467 1316 525 iniustam
1392 476 1528 540 tae,
1571 487 1597 525 1
1631 467 1785 525 Cor.
1815 467 1911 527 163
1944 487 2046 529 22.
2106 472 2420 551 Syrorum

286 560 606 632 expressit
626 596 645 627 ,
689 551 844 609 Luc.
878 563 978 620 24:
1020 569 1123 611 2ο.
1188 552 1318 610 Sub
1393 551 1751 609 locutiones
1775 551 1854 609 ab
1880 550 2163 615 Homero
2188 560 2423 636 passim

286 637 599 697 Romanis
663 655 799 693 non
863 643 1111 692 tantum
1172 656 1313 714 pre·
1394 634 2076 714 exprimi,uatth.16:
2099 643 2195 698 18.
2237 642 2428 720 Syria

283 721 622 782 hensionis
671 718 798 779 *sed
857 729 924 780 et
976 719 1317 779 verberam
1398 740 1588 798 quam
1636 719 1944 798 frequens
1991 722 2438 807 diphthongo-

287 805 391 865 ius
435 805 661 864 habuit
690 804 763 862 in
802 802 1073 864 ludaeos
1107 804 1178 862 in
1218 804 1318 863 Iu·
1397 824 1535 860 rum
1578 823 1771 878 usus,
1821 805 1969 863 Act.
2009 810 2072 867 5:
2121 808 2228 868 36.

291 882 456 951 daea
520 899 586 949 et
647 887 885 948 vicinis
943 887 1318 967 quibusdam
1358 887 1556 966 Syria
1589 887 1822 946 multos
1856 909 2083 950 servos
2121 891 2431 953 Romanis

287 975 701 1055 regionibus,
728 974 873 1030 Act.
893 975 951 1031 8:
978 976 1049 1045 3,
1086 991 1179 1032 123
1216 992 1318 1051 19,
1397 970 1695 1030 exhibuit
1718 1015 1740 1047 ,
1814 972 1974 1032 Luc.
2040 975 2145 1034 tit.
2185 1036 2193 1049 ,
2255 976 2434 1037 Olim

227 1050 234 1057 ’
291 1064 395 1121 253
446 1079 506 1137 9.
593 1056 901 1136 Synedrii
960 1056 1146 1114 vocis
1207 1058 1318 1114 du·
1400 1054 1918 1116 Christianorum
1987 1070 2129 1118 erat
2186 1062 2431 1141 plena,

287 1145 442 1223 ptex
483 1141 911 1221 significatio,
952 1140 1099 1199 Act.
1125 1143 1189 1200 5:
1228 1143 1321 1199 15.
1399 1142 1601 1217 Apoc.
1647 1161 1707 1217 7:
1749 1154 1811 1220 93
1878 1142 2006 1202 Per
2046 1145 2230 1204 illam
2274 1167 2439 1205 noc-

292 1226 601 1306 Synedrii
652 1225 901 1285 Iudaici
950 1224 1278 1303 descripto
1299 1268 1316 1297 ,
1395 1224 1569 1282 tibus
1604 1224 1732 1284 iter
1767 1225 1987 1286 facere
2011 1228 2320 1309 frequens
2347 1231 2430 1290 ob

292 1308 524 1372 Matth.
578 1310 677 1368 263
730 1312 791 1369 3.
876 1307 1035 1367 Eius
1101 1317 1313 1366 aucto·
1393 1308 1645 1367 calores
1672 1309 1981 1387 diurnos,
2025 1314 2173 1372 Act.
2196 1320 2299 1375 23:
2331 1319 2435 1377 23.

287 1396 449 1455 ritas
499 1392 613 1450 sub
662 1392 1018 1468 Romanis,
1068 1391 1211 1452 Ioh.
1257 1413 1314 1465 7:
1397 1393 1630 1471 Syriae
1693 1403 1759 1454 et
1822 1399 2106 1477 Aegypti
2168 1400 2430 1459 eversio

257 1478 393 1542 -36.
477 1475 635 1537 Eius
698 1477 1027 1552 officium,
1089 1475 1321 1537 Matth.
1397 1478 1651 1556 signum
1723 1479 2038 1540 adventus
2108 1482 2433 1560 Messiae,

295 1564 392 1623 153
463 1581 547 1637 2,
620 1559 768 1619 Act.
831 1575 891 1630 4:
955 1581 1015 1636 7.
1099 1561 1320 1621 Munia
1405 1561 1564 1619 Luc.
1606 1581 1665 1620 2:
1717 1581 1813 1621 11.

181 2244 188 2251 ’
299 2234 532 2295 Μειῐιὶι.
575 2233 701 2295 ,263
774 2252 870 2311 ¹7·

288 1646 544 1727 prima,
597 1643 827 1703 matth.
877 1647 970 1704 18:
1028 1663 1083 1703 1.
1169 1644 1320 1704 Eius
1360 1645 1635 1723 Syriaca
1658 1646 1877 1726 lingua
1898 1667 2047 1706 usos
2068 1649 2428 1712 Phoenices

289 1740 431 1789 erat
471 1730 548 1788 de
596 1727 940 1808 Prophetis
989 1728 1320 1802 iudicare,
1398 1737 1464 1787 et
1504 1729 1799 1805 Poenos,
1844 1731 2072 1791 Matth.
2117 1753 2175 1794 2:
2223 1740 2328 1795 23.

291 1813 525 1875 Matth.
597 1813 701 1873 26:
772 1817 832 1873 3.

943 1813 1320 1872 Pontificem
1361 1813 1633 1891 Syriaca
1693 1817 1911 1887 versio
1981 1838 2169 1897 saepe
2232 1818 2435 1878 habet

290 1901 643 1960 maximum
672 1897 1115 1969 creare,ibid.
1161 1895 1323 1976 Cog·
1400 1899 1685 1977 glossas,
1734 1921 1895 1979 quae
1948 1922 2079 1960 non
2126 1904 2432 1983 leguntur

289 2003 569 2043 noscere
619 1983 697 2041 de
746 1982 1103 2060 religione,
1183 1981 1326 2040 Act.
1398 1983 1470 2040 in
1546 1982 1763 2060 prisca
1833 1985 2115 2061 Latina,
2182 1998 2294 2046 aut
2358 1988 2432 2047 iu

297 2087 399 2128 223
440 2071 541 2128 30.
607 2065 761 2124 Eius
807 2067 1214 2124 auctoritatis
1256 2064 1326 2123 in

285 2155 533 2210 rituum
561 2150 752 2209 rebus
776 2170 966 2229 supra
991 2151 1288 2228 populum
1308 2195 1325 2224 ‚

968 2235 1204 2313 Magna
1266 2244 1325 2293 et

295 2321 638 2400 praecipua
711 2318 850 2377 eius
920 2340 1072 2397 pars
1141 2329 1325 2377 erant

299 2402 696 2477 Sadducaei,
724 2402 947 2462 Act.5:
978 2423 1073 2479 17.
1116 2404 1328 2463 Maior

257 2524 266 2535 1
302 2487 677 2563 Pharisaei,
723 2486 882 2545 Luc.
917 2486 974 2546 6:
1008 2506 1106 2548 22.
1172 2487 1328 2547 Eius

299 2574 579 2633 studium
598 2572 669 2630 in
687 2572 1050 2631 accusando
1066 2572 1328 2631 Christo

300 2678 516 2717 coram
543 2656 751 2717 Pilato
771 2663 835 2715 et
856 2655 1113 2715 Herode
1131 2703 1147 2730 ‚
1172 2657 1325 2716 Luc.

300 2746 399 2804 23:
453 2762 512 2801 2.
598 2741 894 2800 Potestas
942 2742 1079 2799 eius
1127 2741 1324 2817 impe-

300 2827 520 2886 diebat
573 2845 656 2883 ne
702 2823 856 2883 fidei
900 2845 1049 2883 suae
1094 2826 1325 2884 crediti

303 2910 611 2971 coelestia
647 2909 893 2967 monita
928 2909 1327 2986 reciperent,

183 3057 184 3060 ,
301 2994 534 3057 Matth.
556 2999 654 3055 23:
683 2996 784 3068 37.
831 2993 1326 3052 Sententiaeeius

302 3090 529 3140 contra
611 3076 858 3139 Christi
936 3085 1282 3136 sectatores
1307 3120 1327 3153 ‚

303 3164 443 3228 Ioh.
479 3184 538 3244 9:
585 3183 695 3232 22,
729 3175 829 3232 24.
889 3160 1045 3221 Eius
1084 3161 1327 3220 iudices

301 3249 801 3308 commonefiunt
841 3247 1035 3305 officii
1080 3246 1176 3305 sui
1217 3266 1331 3325 per

1403 2067 1624 2128 multis
1716 2067 2114 2149 codicibus,
2199 2071 2436 2132 Matth.

1409 2172 1501 2230 19:
1551 2169 1670 2226 20,
1719 2171 1818 2212 20:
1864 2168 1950 2231 4,
1997 2173 2119 2230 22,
2165 2161 2266 2217 233
2322 2162 2430 2234 13,

1408 2235 1607 2293 Marc.
1659 2248 1752 2306 14:
1808 2240 1925 2310 15,
1981 2237 2136 2297 Luc.
2180 2261 2280 2301 21:
2336 2259 2459 2301 11.’

1405 2319 1503 2377 Ex
1530 2319 1884 2379 serim-'ibus
1913 2323 2177 2382 Graecis
2204 2326 2440 2405 depra-

1403 2413 1591 2478 vata,
1621 2404 1761 2463 Ioh.
1794 2425 1846 2466 13
1874 2410 1976 2467 28.
2020 2407 2173 2467 Eius
2203 2419 2434 2471 auctor

1402 2488 1672 2548 liberius
1719 2492 1959 2566 vertit,
2007 2491 2165 2553 Luc.
2207 2495 2266 2556 6:
2320 2512 2430 2571 103

1401 2574 1715 2652 quaedam
1790 2578 2114 2636 vocabula
2189 2580 2436 2640 Graeca

1404 2679 1535 2716 non
1577 2660 1947 2737 intellexit,
1994 2664 2197 2723 Marc.
2223 2684 2282 2744 9:
2319 2668 2434 2746 18,

1407 2741 1561 2800 Luc.
1585 2763 1645 2821 9:
1677 2749 1777 2824 39.
1843 2747 2238 2808 Matthaeum
2286 2751 2441 2810 red-

1406 2826 1569 2884 didit
1649 2849 1729 2887 ex
1802 2830 2050 2891 Graeco
2121 2836 2436 2896 Matthaei

1407 2909 1694 2985 Codice,
1742 2914 1976 2972 Matth.
2025 2936 2076 2975 13
2111 2922 2211 2979 23.
2301 2917 2440 2979 Hu-

1403 2994 1500 3052 ius
1603 2997 1922 3055 versionis
1988 3002 2383 3078 ‚antiquitas
2414 3048 2432 3078 ,

1406 3075 1639 3138 Matth.
1700 3077 1761 3138 63
1828 3084 1945 3152 13,
2011 3102 2112 3154 273
2162 3089 2283 3162 35,
2332 3089 2437 3148 65.

1406 3160 1736 3239 Epistulae
1777 3170 1910 3222 tres
1948 3174 2129 3240 sunt,
2173 3168 2434 3247 Iacobi,
2554 3181 2555 3186 ’

1405 3246 1582 3307 Petri
1645 3254 1711 3305 et
1775 3247 2132 3331 Iohannis,
2204 3251 2436 3320 Matth.

305 3334 623 3395 Psalmum
688 3335 808 3403 82,
875 3330 1019 3391 Ioh.
1084 3349 1178 3393 103
1230 3334 1329 3400 34.
1409 3350 1502 3409 17:
1559 3349 1613 3389 1.

304 3418 628 3498 Synedrio
697 3436 930 3496 magno
996 3416 1180 3494 apud·
1227 3414 1331 3472 lu-
1364 3413 1725 3495 Syriarcha
1768 3416 2018 3496 *qualis
2106 3418 2435 3502 dignitas,

304 3505 498 3563 daeos
557 3501 1126 3575 adscribebantur,
1175 3520 1328 3577 quo·
1406 3504 1551 3560 Act.
1600 3520 1694 3577 193
1745 3504 1848 3561 31.

299 3609 443 3648 rum
467 3587 737 3645 maiores
760 3583 1327 3663 Sacerdotiomag-
1365 3583 1885 3664 Syrophoenices
1945 3594 2011 3645 et
2065 3586 2440 3668 Libyphoe-

304 3693 392 3730 no
427 3671 675 3749 pridem
707 3679 894 3727 erant
915 3669 1330 3744 suncti,Act.
1404 3670 1622 3743 nices,
1684 3669 1917 3729 Matth.
1970 3673 2065 3731 15:
2121 3690 2220 3733 22.
2311 3674 2439 3755 Sy-

300 3770 363 3826 4:
410 3754 473 3814 6.

540 3754 620 3813 Ei
664 3753 718 3812 si
758 3754 897 3831 quis
943 3775 1010 3813 se
1050 3773 1324 3838 oppone·
1402 3753 1829 3813 mnhoeniceo
1881 3753 2188 3813 Galilaeis
2237 3756 2438 3818 Beth-

299 3839 453 3912 bat,
521 3839 994 3899 damnationem
1054 3838 1177 3897 sibi
1225 3857 1329 3895 ac-
1403 3837 1812 3896 saidensibus
1852 3838 2102 3916 vicini,
2146 3839 2290 3907 Ioh-
2335 3863 2430 3906 12:

299 3923 635 4004 quirebat,
703 3920 884 3979 Rom.
937 3925 1029 3982 133
1083 3942 1141 3982 2.
1228 3922 1328 3982 Ab
1406 3940 1507 3981 2ο.
1584 3999 1587 4002 y

301 4009 422 4067 illo
460 4008 903 4066 damnatorum
948 4006 1325 4086 supplicium
1363 4006 1591 4085 Syrtes
1623 4005 2028 4066 vocabantur
2054 4009 2195 4068 loca
2220 4013 2438 4080 onmia

306 4093 753 4172 gravissimum
805 4088 932 4147 fuit
980 4091 1327 4168 lapidatio,
1402 4091 1648 4151 vadosa
1706 4111 1742 4148 a
1799 4093 2043 4152 duobus
2090 4096 2160 4153 in
2209 4097 2439 4157 Africa.

306 4175 616 4242 Matth.5:
647 4194 747 4235 22.
791 4173 1113 4253 Synedria
1133 4174 1328 4234 fuisse
1405 4178 1698 4235 areno‘sis
1758 4176 2008 4238 sinibus
2055 4180 2152 4241 sic
2200 4182 2435 4265 dictis,

266 4262 550 4328 ‘'maiora
600 4260 709 4322 vel
757 4259 1046 4335 minora,
1098 4257 1329 4319 Matth.
1407 4262 1553 4323 Act.
1600 4281 1699 4344 27:
1754 4280 1853 4343 17.
2296 4288 2303 4291 ’

318 4364 411 4405 10:
464 4365 560 4424 ¹7·
646 4343 943 4422 Quinque
996 4364 1032 4400 a
1079 4342 1328 4402 Gabino

304 4431 602 4497 instituta
645 4431 714 4489 in
759 4428 1036 4506 Iudaea,
1081 4427 1242 4488 ibid.

2246 4491 2436 4575 ‘'r.
