2779 5085
696 200 1114 265 RERUM
1202 223 1298 264 n
1356 158 2040 303 ἱ1111311011011.

283 357 609 434 mamma,
654 359 861 419 Marc.
915 375 1007 432 143
1055 362 1160 426 36.

290 442 664 502 Hammona
708 444 1043 521 institiae,
1109 448 1176 507 id
1221 457 1316 507 est
1344 494 1360 521 ,

331 530 531 585 verae
576 529 891 603 divitiae,
939 529 1139 590 Hebr.
1173 536 1232 592 5:
1272 538 1364 592 13.

292 609 611 668 Manassis
651 632 1037 673 coaevorum
1078 618 1363 696 descrip-

331 696 461 768 tio,
515 695 698 754 Rom.
743 701 801 758 3:
859 703 952 757 15.

291 776 667 838 Mandatum
754 803 942 841 omne
1049 785 1356 845 Divinum

2349 261 2476 324 149

1402 369 1631 431 Manus
1701 377 1932 443 crebro
2005 389 2231 453 lava‘re
2295 417 2473 460 com-

1442 476 1628 516 mune
1674 460 2053 529 Iudaeorum
2099 477 2469 545 institutum

1440 539 1558 596 suit
1605 548 1949 624 antiquitus
1980 600 1996 627 ,
2050 560 2253 622 Marc.
2298 587 2356 644 7:
2405 573 2468 629 3.

1442 622 1667 685 Manus
1714 632 2042 709 imponere
2088 649 2272 721 quale
2339 652 2472 733 sig-

1438 728 1587 766 num
1615 755 1634 783 ,
1683 712 1823 772 Act.
1869 722 1927 779 6:
1976 724 2034 783 6.
2079 728 2306 790 Manus
2342 736 2468 794 im-

1438 812 1674 869 ponere
1719 797 2075 880 Baptizatis
2104 857 2119 884 ,
2171 817 2327 876 solis
2374 820 2468 880 Α..

331 863 623 922 continet
675 866 1042 943 expressam
1100 880 1210 928 aut
1259 880 1357 929 ta·
1439 880 1703 952 postolis
1726 892 2464 970 competebat,Act.825.

306 947 522 1004 ¹citam
589 970 799 1009 rerum
848 955 1354 1013 necessariarum
1438 961 1663 1021 Manus
1751 966 1926 1029 inter
1992 982 2308 1042 orandum
2378 988 2463 1049 ad

368 1032 859 1109 romissionem,
912 1036 1137 1095 Matth.
1181 1053 1239 1107 4:
1294 1052 1350 1110 4.
1435 1047 1677 1105 coelum
1737 1055 2013 1116 tollendi
2061 1063 2250 1124 simul
2315 1090 2460 1131 cum

323 1051 634 1175 {laudata
721 1120 1013 1179 oratione
1103 1123 1351 1181 directa
1430 1131 1635 1188 oculis
1701 1157 1882 1212 mos,
1954 1144 2113 1204 Luc.
2191 1154 2283 1211 18:
2362 1161 2459 1218 ιδ.

324 1204 684 1276 exprimere
710 1224 842 1264 mos
870 1203 1348 1282 Hebraeorum,
1429 1213 1655 1274 Manus
1765 1223 2009 1301 signari
2109 1234 2453 1316 solebant,

294 1280 465 1349 joh.
538 1305 590 1345 1:
667 1305 763 1365 19.
898 1288 1344 1350 Mandatorum
1431 1296 1630 1374 Apoc.
1678 1307 1926 1367 13:46.

322 1367 449 1425 Dei
518 1372 954 1446 personalium
1035 1375 1347 1454 obligatio
1386 1381 1683 1444 Mannum
1717 1389 2040 1469 impositio
2074 1400 2247 1460 unde
2273 1413 2453 1484 orta,

320 1459 383 1508 et
428 1472 674 1512 merces
704 1499 722 1528 ,
772 1457 930 1515 Luc.
982 1477 1074 1537 17:
1129 1479 1226 1518 10.
1429 1466 1590 1525 Luc.
1634 1491 1734 1532 22:
1783 1475 1885 1535 36.
1970 1481 2253 1545 Divinae
2305 1510 2455 1568 gra-

276 1533 718 1597 Manducandi
766 1542 1037 1600 verbum
1090 1543 1345 1604 Iudaeis
1425 1552 1552 1610 tiae
1573 1569 2066 1638 argumentum,
2105 1567 2318 1632 Iac-5:
2354 1588 2450 1645 14.

214 1622 219 1627 ’
319 1620 715 1698 significavit
751 1628 945 1683 etiam
989 1626 1343 1687 animorum
1421 1632 1696 1705 Quando
1756 1644 1907 1703 olim
1969 1663 2317 1731 usurpata,
2384 1669 2455 1719 et

316 1713 567 1781 pastum
610 1717 676 1766 et
714 1710 945 1789 gaudia
997 1715 1343 1789 coelestia,
1423 1739 1574 1795 cur,
1648 1726 1886 1785 Matth-
1916 1734 1977 1790 5:
2024 1753 2143 1809 22,
2171 1746 2180 1755 ‘
2213 1758 2272 1816 9:
2328 1745 2398 1800 18
2425 1787 2448 1819 ,

317 1787 546 1848 Matth.
591 1792 690 1853 26:
739 1795 857 1871 26,
905 1794 1050 1854 Iob.
1092 1798 1151 1857 6:
1201 1819 1299 1873 27.
1425 1822 1518 1882 19:
1575 1811 1693 1885 13,
1765 1831 1861 1870 20:
1913 1818 1971 1875 3.
2072 1816 2315 1889 Quibus
2374 1825 2446 1886 in

273 1870 464 1931 Mane
574 1878 845 1954 primum
948 1882 1101 1957 quid
1209 1885 1338 1958 sit,
1417 1889 1652 1949 ritibus
1699 1908 2007 1975 usurpata
2055 1905 2221 1978 apud
2266 1917 2449 1969 vete-

314 1955 546 2015 Matth.
590 1964 688 2021 28:
743 1981 796 2020 1.
1415 1992 1518 2030 res
1571 1974 2018 2058 Christianos,
2067 1985 2265 2048 Hebr.
2298 1992 2357 2051 6:
2386 2013 2447 2054 2.

267 2037 536 2101 Manere
584 2066 699 2122 pro
746 2067 925 2121 esse,
973 2047 1114 2106 Ioh.
1152 2052 1208 2108 3:
1240 2051 1337 2110 36.
1416 2058 1601 2133 Apud
1647 2059 1977 2124 Hebraeos
2013 2070 2263 2131 solebat
2281 2076 2448 2135 ‘inn-

268 2122 494 2184 Manes
528 2126 901 2189 Haereticus
946 2132 1069 2189 dno
1113 2136 1337 2191 statuit
1413 2142 1474 2219 gi
1524 2147 1816 2220 precibus
1870 2172 1983 2228 pro
2033 2155 2245 2233 aliquo
2304 2180 2446 2219 sus-

308 2210 636 2289 principia
705 2224 1014 2290 aeterna,
1107 2218 1337 2276 Matth.
1415 2228 1665 2304 ceptis,
1731 2233 1929 2291 Marc.
1990 2235 2049 2295 6:
2104 2244 2199 2301 13.
2284 2242 2445 2304 Pre-

308 2306 407 2362 24:
459 2313 559 2373 29.
650 2298 1171 2361 Manichaeorum
1232 2325 1333 2363 ei:-
1413 2312 2441 2396 cationissignum‚Marc.16:18.

308 2397 460 2451 ror,
510 2378 738 2440 Matth.
788 2388 884 2445 13:
935 2389 1036 2450 38.
1369 2393 1806 2457 Manufactum
1847 2403 2085 2464 dicitur
2127 2406 2438 2473 Hebraeis

259 2458 504 2520 Manna
552 2466 723 2526 unde
769 2489 1005 2528 nomen
1061 2469 1329 2545 habeat,
1409 2499 1596 2537 omne
1660 2485 1830 2561 quod
1887 2487 1962 2546 fit
2020 2512 2135 2569 per
2178 2496 2438 2559 modum

304 2545 447 2605 1011.
471 2548 531 2607 6:
562 2553 661 2609 31.
724 2554 853 2614 Cur
885 2565 1154 2614 vocetur
1187 2578 1331 2617 esca
1409 2568 1808 2645 naturalem,
1860 2570 2058 2633 Hebr.
2102 2598 2161 2655 9:
2216 2599 2309 2640 11.

306 2632 709 2709 spiritualis,
781 2658 807 2698 1
881 2640 1031 2697 Cor.
1104 2660 1195 2700 io:
1247 2649 1326 2714 3,
1367 2646 1780 2712 Manu-missi
1851 2677 2087 2718 nomen
2167 2663 2437 2726 Patroni

304 2712 505 2774 Hebr.
571 2739 630 2796 9:
699 2734 760 2790 4.
871 2723 1327 2803 Temporariae
1404 2733 1766 2796 induebant
1828 2743 1994 2821 apud
2070 2744 2434 2829 Romanoe,

301 2799 476 2859 vitae
549 2804 831 2879 profuit,
904 2806 1044 2867 loh.
1107 2809 1164 2868 6:
1225 2827 1326 2890 49.
1406 2815 1565 2874 Luc.
1609 2820 1711 2878 tit.

218 2901 223 2908 ·
300 2881 396 2939 De
461 2887 643 2945 coelo
705 2889 920 2950 datum
967 2893 1120 2970 quid
1169 2895 1323 2973 figu-
1361 2899 1837 2984 Manuscriptns
1886 2908 2219 2976 Ecclesiae
2258 2918 2433 3001 Lug-

300 2967 524 3044 rabat,
581 2990 600 3027 1
649 2972 798 3031 Cor.
840 2994 932 3037 1οε
963 2980 1023 3036 3.
1082 2979 1323 3036 Manna
1402 2982 1708 3048 dunensis
1773 2990 2261 3076 'cantabrigiam
2321 3004 2434 3064 de-

300 3050 718 3132 inlelligibile
757 3060 954 3136 quid,
1019 3061 1221 3140 Apoc.
1266 3082 1319 3123 2:
1402 3068 1567 3140 latus
1596 3116 1617 3145 ‚
1667 3070 1825 3130 Luc.
1868 3078 1927 3134 3:
1976 3079 2077 3136 36.
2175 3105 2180 3106 ’

305 3152 398 3206 17.
486 3138 726 3199 Manna
792 3152 857 3200 et
924 3144 1112 3224 virga
1168 3168 1321 3225 quo-
1358 3151 2457 3237 Maran-Atha,gravissimnmeit-⁰

301 3221 488 3277 modo
532 3223 686 3282 olim
733 3226 804 3283 in
848 3229 1019 3288 Arca
1058 3240 1123 3288 et
1169 3232 1325 3288 alibi
1399 3240 1783 3299 sect-ationis
1854 3263 2052 3322 genus
2080 3293 2100 3325 ,
2176 3268 2202 3307 1
2274 3249 2425 3314 Cor.

300 3305 648 3381 custodita,
698 3307 896 3369 Hebr.
920 3334 978 3391 9:
1006 3328 1069 3382 4.
1137 3317 1321 3374 Man·
1402 3319 1493 3379 16:
1537 3341 1638 3382 22.

293 3406 417 3446 nae
465 3390 809 3453 dulcedine
854 3398 1166 3476 quidquid
1207 3401 1320 3459 ad-
1355 3404 1602 3465 Marcio
1669 3407 1870 3468 Vetus
1941 3410 2427 3481 Testamentum

294 3472 662 3549 umbratur,
690 3477 888 3539 habet
922 3503 1216 3561 magnam
1248 3486 1319 3542 in
1396 3500 1585 3568 negat
1629 3513 1664 3550 a
1718 3494 1858 3553 Deo
1900 3499 2297 3579 profectum,
2360 3514 2428 3565 et

294 3576 359 3614 se
409 3557 809 3621 dnlcedinem
838 3607 858 3640 ,
905 3566 1066 3626 ibid.
1393 3577 1756 3651 passionem
1837 3579 2082 3641 Christi
2150 3587 2425 3649 destruit

251 3638 479 3700 Manus
549 3646 815 3705 Domini
868 3650 1023 3728 quid
1071 3651 1315 3729 signifi·
1395 3661 1727 3738 supposito
1771 3661 2156 3744 imaginario
2191 3691 2424 3748 corpo-

275 3736 435 3801 .cet,
505 3728 652 3788 Act.
722 3736 816 3793 13:
888 3753 983 3792 11.
1087 3737 1316 3795 Manus
1391 3760 1509 3817 re,
1578 3744 1809 3804 Matth.
1877 3763 1975 3818 24:
2046 3770 2147 3829 29.
2250 3755 2421 3817 Tota

290 3828 407 3885 pro
468 3814 831 3896 potentia„
881 3818 1024 3876 Act.
1086 3834 1147 3889 4:
1216 3824 1316 3879 28.
1392 3823 1536 3881 loca
1602 3825 1775 3886 Novi
1840 3832 2239 3895 Testamenti
2293 3839 2422 3899 fal-

292 3890 416 3952 Pro
478 3906 789 3972 potestate
851 3902 1088 3981 plena,
1171 3904 1316 3964 Ioh.
1391 3908 1606 3983 savit,
1655 3911 1856 3990 Apoc.
1909 3935 2005 3975 22:
2061 3922 2155 3978 18.
2246 3922 2422 3985 Mar-

290 3979 348 4036 3:
419 3981 522 4038 35.
630 3981 886 4043 Manum
963 3989 1314 4049 extendere
1389 3991 1593 4051 cionis
1623 3994 2077 4078 Euangelium,
2114 4004 2419 4088 inscript.

271 4059 522 4121 ‚dicturi
571 4066 827 4146 solent,
896 4071 1044 4129 Act.
1103 4072 1202 4132 26:
1253 4093 1314 4132 2.
1391 4076 1471 4133 ad
1519 4078 1746 4138 Matth.
1803 4082 1961 4142 Eius
1997 4084 2278 4165 Spiritus
2316 4094 2448 4152 in·-

288 4144 512 4206 Manus
553 4157 691 4228 tota
746 4162 813 4212 et
863 4154 1133 4214 brachii·
1163 4179 1309 4236 pars
1387 4168 1486 4219 ter
1525 4161 1929 4226 Christianos
1956 4172 2199 4247 qualis,
2232 4177 2414 4238 Rom.

285 4231 500 4289 cubito
545 4241 733 4294 tenus
791 4241 1195 4299 mersabatur
1239 4242 1311 4300 in
1394 4262 1486 4306 11:
1543 4247 1638 4306 16.
1700 4251 2053 4313 Marcionis
2090 4256 2414 4339 haeresis,

277 4311 610 4397 lavando,
657 4321 858 4383 Marc.
903 4344 959 4405 7:
1010 4329 1093 4401 3,
1153 4325 1309 4386 Luc.
1380 4327 1534 4425 ῥεῖ.
1577 4335 1636 4392 5:
1678 4338 1776 4394 30.
1838 4336 2302 4420 Eiusaudacia
2340 4347 2414 4405 in

284 4414 377 4457 11:
427 4403 532 4461 58.
850 4455 857 4460 .
1380 4417 1845 4492 interpolando
1884 4421 2093 4485 Lucae
2128 4436 2192 4486 et
2226 4428 2413 4524 Pauli
