2779 5085
601 198 997 260 RERUM
1087 215 1181 256 n‘T
1269 196 1929 266 VERBORUM.
2251 230 2370 293 107

200 357 494 426 Divinis
518 355 885 433 beneficiis,
910 355 1184 424 acon&
1211 375 1264 434 ι,
1343 358 1571 432 acor.
1625 376 1650 420 1
1678 404 1699 436 ,
1749 381 1776 422 1
1808 362 1980 423 Petr.
2018 383 2075 427 u
2104 384 2163 449 3.
2213 368 2377 430 Gra..

216 468 246 507 1
283 447 473 506 Petr.
497 459 558 514 4:
599 463 691 509 ιο.
736 442 864 509 Pro
898 441 1082 521 copia
1119 441 1269 521 Spi-
1343 442 1468 502 tias
1516 444 1815 508 debemus
1854 450 1993 509 Deo
2028 472 2146 531 pro
2183 453 2374 515 donis

208 532 396 592 ritus
452 529 523 587 in
575 527 984 590 Christianos
1031 528 1263 606 passim
1344 548 1479 590 non
1526 537 1777 591 tantum
1824 533 1894 591 in
1942 556 2101 613 nos,
2149 538 2265 597 sed
2310 550 2378 601 et

209 614 476 688 effusa,
523 611 666 677 Ioh.
710 631 760 671 1:
803 631 899 690 17.
962 610 1090 670 Pro
1127 613 1267 670 vita
1340 611 1412 675 in
1461 612 1620 674 alios
1664 617 1962 694 collatis,
2008 618 2283 683 Philem.
2320 646 2376 685 1.

219 709 544 773 aeterna,
599 716 622 754 1
656 697 831 763 Petr.
871 713 923 759 1:
962 700 1059 759 13.
1107 696 1261 755 Gra·
1308 696 1597 756 *Gratias
1663 720 1852 783 agere
1918 714 2077 763 ante.
2121 716 2186 765 et
2232 720 2378 786 post

208 786 318 845 tia
362 782 648 862 Spiritus
674 780 1097 861 modoignis‚
1130 801 1261 841 mo·
1329 790 1655 862 ,sumptum
1717 785 1929 845 cibum
1992 810 2125 849 mos
2185 803 2376 853 vetug

216 870 310 938 do
364 875 845 951 aquafvocatur
873 909 892 940 ,
941 862 1084 933 lob.
1119 870 1178 931 33
1205 868 1266 925 5.
1345 862 1823 945 Hebraeorum,
1872 880 1938 930 et
1969 871 2125 933 hinc
2153 876 2380 938 Chris-

215 954 459 1013 Gratia
521 959 796 1009 vocatur
858 950 1064 1027 ipsum
1131 950 1262 1030 pati
1340 949 1714 1028 tianorum,
1770 974 1792 1012 1
1850 956 2021 1016 Tim.
2061 980 2237 1042 4:⁸3.

216 1059 352 1117 pro
442 1035 704 1099 Christo
733 1080 750 1109 ,
843 1034 1013 1098 Phil.
1088 1053 1169 1101 ιςῚ
1208 1054 1264 1111 7.
1303 1033 1573 1094 Grossus
1598 1036 1756 1098 ficus
1776 1038 2152 1120 immatura,
2177 1048 2378 1128 Apoc.

222 1121 461 1183 Gratia
520 1141 706 1200 saepe
754 1119 995 1178 dicitur
1046 1118 1259 1198 singu·
1343 1118 1402 1187 6;
1460 1137 1558 1201 13.
1689 1178 1694 1183 ,

217 1207 388 1269 laris
434 1205 556 1263 Dei
588 1204 919 1283 ‘protectio
954 1213 1017 1262 et
1060 1203 1260 1262 dono·
1302 1202 1820 1265 Gubernaculum
1880 1230 2114 1271 navem
2161 1216 2371 1296 regit,

222 1312 376 1350 :rum
444 1289 712 1348 collatio
740 1333 758 1365 ,
829 1288 990 1348 Luc.
1056 1308 1113 1349 2:
1162 1303 1265 1357 40.
1304 1289 1471 1354 ‘Iam
1534 1310 1590 1370 3:
1646 1310 1704 1371 3.
1792 1292 2242 1357 Gubernacula
2304 1301 2378 1360 in

229 1375 461 1434 Gratia
501 1374 624 1432 Dei
662 1384 811 1432 ante
837 1373 1025 1431 fidem
1055 1373 1262 1440 Patris
1343 1374 1627 1453 antiquis
1663 1376 1944 1437 navibus
1972 1382 2123 1441 bina
2150 1394 2375 1462 erant,

226 1459 473 1519 tractio
514 1459 1009 1532 vocatur‚‘Act.
1043 1460 1135 1518 13:
1165 1459 1266 1526 48.
1342 1459 1487 1518 Act.
1515 1473 1742 1535 27:40.
1810 1462 2108 1524 Vinculis
2138 1490 2381 1529 anneo-

231 1544 461 1604 Gratia
503 1543 627 1601 Dei
665 1563 806 1607 cum
849 1563 972 1622 quo
1011 1542 1266 1607 dicatur
1341 1544 1646 1604 tebantur
1694 1548 1850 1606 n‘avi
1880 1592 1899 1621 ,
1945 1548 2107 1614 ibid.

233 1649 374 1688 esse
399 1672 418 1703 ,
471 1646 495 1688 1
533 1628 684 1691 Cor.
733 1630 827 1687 152
863 1645 957 1686 ιο.
1002 1634 1009 1643 ”
1045 1625 1264 1686 Gratia
1302 1628 1767 1688 Gubernatoris
1810 1632 1989 1690 locus
2031 1635 2105 1692 in
2143 1637 2372 1716 puppi,

231 1708 460 1772 omnis
495 1712 797 1772 salutaris
846 1732 881 1769 a
929 1713 1068 1770 Deo
1119 1732 1266 1791 pros-
1344 1713 1550 1773 Marc.
1590 1734 1654 1793 4:
1700 1716 1798 1795 38.
1867 1717 2373 1798 Gubernatoris,

230 1797 530 1881 greditur
551 1841 569 1873 ,
620 1795 758 1856 ioh.
785 1799 842 1856 3:
877 1809 973 1872 14.
1020 1796 1096 1853 ln
1129 1797 1264 1854 lesu
1341 1798 1736 1859 navicularii
1765 1809 1839 1858 ,et
1866 1804 2156 1881 magistri
2182 1806 2374 1865 navis

231 1883 494 1959 quando
543 1881 731 1940 nobis
780 1880 929 1947 data
977 1880 1261 1944 dicatur,
1342 1881 1752 1959 differentia,
1802 1888 1950 1944 Act.
1996 1906 2246 1966 27:⁴11.

238 1965 425 2026 Rom.
461 1969 520 2025 8:
557 1968 658 2027 30.
721 1964 947 2024 Gratia
981 1964 1264 2038 recedit,
1303 1966 1520 2047 Gygae
1567 1966 1766 2047 Reges
1803 1971 1997 2029 Asiae
2027 1981 2097 2033 et
2123 1973 2374 2054 Gygea,

230 2051 582 2110 recedente
620 2047 971 2129 disciplina
998 2094 1017 2123 ,
1065 2049 1245 2113 Marc
1344 2072 1491 2131 pars
1537 2050 1728 2135 Asiae
1771 2053 1843 2112 in
1879 2053 2133 2133 Lydia,
2169 2060 2373 2138 Apoc.

235 2139 297 2201 5:
354 2154 450 2194 io.
542 2135 767 2196 Gratia
814 2134 1083 2193 debetur
1131 2134 1268 2193 Deo
1349 2154 1448 2196 20:
1495 2138 1556 2199 8.
2185 2170 2189 2176 ·

233 2242 354 2301 pro
397 2219 571 2279 omni
617 2221 789 2282 bono
839 2218 1102 2298 adepte,
1129 2216 1268 2278 loli.
1304 2220 1774 2299 Gynaeconitis
1809 2221 1878 2285 in
1905 2222 2179 2287 Graecia
2212 2225 2377 2287 viris

241 2323 337 2364 10:
384 2325 490 2385 41.
1345 2307 1604 2379 clausa,
1642 2326 1776 2365 non
1814 2308 1967 2367 item
2004 2309 2074 2368 in
2103 2310 2378 2391 Iudaea,

199 2389 458 2449 Gratiae
536 2388 821 2449 Divinae
881 2389 1021 2468 plns
1081 2407 1264 2466 quam
1344 2391 1454 2449 ubi
1523 2390 1795 2451 liberior
1861 2402 2002 2452 erat
2063 2397 2227 2454 viris
2295 2399 2378 2457 ad

238 2474 516 2533 arbitrio
582 2471 866 2533 humano
936 2473 1008 2530 in
1076 2472 1267 2533 rebus
1342 2475 1660 2534 foeminas
1700 2477 1945 2557 aditus,
1982 2479 2153 2537 Phil.
2183 2485 2242 2542 3:
2275 2487 2334 2544 3.

238 2560 462 2618 salutis
528 2559 942 2619 tribuendum
1018 2566 1161 2630 est,
1239 2576 1259 2614 1
1305 2561 1593 2639 Gypidae
1638 2560 1842 2643 Reges
1889 2564 2121 2642 Asiae,
2171 2567 2378 2648 Apoc.

241 2645 410 2708 Tim,
443 2664 495 2704 1:
531 2657 626 2713 14.
689 2644 951 2706 Gratiae
985 2642 1267 2701 Divinae
1344 2665 1444 2711 20:
1497 2649 1559 2705 8.

240 2729 359 2789 filii
408 2729 713 2788 dicuntur
737 2728 864 2787 iam
894 2728 1266 2802 credentes,
1735 2779 1739 2790 ,

242 2812 381 2873 Ioh.
433 2827 484 2881 13
521 2831 627 2891 42.
687 2812 947 2872 Gratiae
993 2832 1264 2871 comme·
1797 2814 1883 2876 Η.

241 2898 516 2960 'moratio
582 2917 697 2955 eur
758 2898 1021 2958 uberior
1076 2898 1162 2954 sit
1206 2905 1267 2955 et
1380 2967 1385 2968 γ

242 3003 377 3049 esse
425 2983 657 3050 debeat
698 2981 779 3046 in*
807 2982 991 3042 Novo
1043 2982 1263 3041 Testa·
1306 2981 1559 3042 Habere
1625 2983 1979 3063 dupliciter
2024 2986 2375 3065 accipitur,

244 3076 504 3143 mento,
594 3087 778 3146 quam
858 3067 928 3125 in
998 3065 1269 3139 Veteri,

244 3173 280 3213 a
330 3152 482 3213 Cor.
527 3153 586 3220 ὃς
635 3170 686 3209 1.
770 3150 928 3212 Eius
972 3170 1271 3211 mensura

246 3257 443 3315 quae,
493 3234 676 3294 Rom.
728 3255 820 3296 12:
872 3242 931 3298 3.
1012 3235 1270 3295 Gratiae

251 3321 366 3381 Dei
415 3319 736 3401 generalis
776 3322 853 3380 ad
876 3342 1102 3380 omnes
1131 3320 1270 3399 pios

248 3426 311 3465 se
375 3404 784 3464 extendentis
848 3406 1143 3486 exempla
1201 3405 1270 3463 in

151 3550 155 3554 ,
248 3488 766 3565 Melchisedeco,
839 3490 1035 3566 Iobo,
1100 3487 1270 3549 Naa-

247 3595 475 3648 mane,
537 3574 758 3652 Cyro,
828 3576 973 3639 Act.
1022 3593 1116 3641 103
1171 3573 1272 3634 36.

250 3657 506 3717 Gratiae
572 3657 1045 3739 Euangelieae,
1111 3679 1270 3738 quae

247 3743 326 3807 ad
386 3744 585 3802 vitam
656 3753 983 3802 aeternam
1045 3744 1268 3817 ducit,

1346 3065 1579 3127 Matth.
1621 3071 1715 3127 13:
1760 3087 1856 3126 12.
1920 3065 2175 3128 Habere
2222 3055 2380 3130 dici-

1346 3172 1487 3210 mur
1546 3151 1616 3209 id
1676 3152 1846 3229 quod
1893 3150 1964 3208 in
2011 3161 2237 3212 nostro
2285 3166 2385 3214 est

1346 3256 1504 3310 usu,
1564 3234 1764 3294 Hebr.
1811 3256 1868 3315 9:
1920 3248 1982 3304 4.
2075 3236 2265 3308 Quod
2312 3239 2380 3298 in

1345 3330 1642 3402 promptu
1703 3329 1801 3379 est
1846 3329 1915 3379 ut
1957 3321 2102 3400 emi
2129 3324 2377 3403 possit,

1347 3404 1488 3465 Ioh.
1511 3399 1572 3466 6:
1602 3427 1663 3486 9.
1732 3404 2059 3465 Habentes
2096 3429 2212 3487 pro
2244 3430 2378 3468 non

1344 3490 1819 3571 possessoribus
1870 3512 1937 3550 se
1985 3492 2226 3551 debent
2271 3514 2381 3573 ge-

1343 3575 1739 3656 rere,‚Luc.
1786 3595 1884 3656 ¹4³
1926 3596 2027 3657 33.
2098 3574 2380 3636 Habenti

1345 3669 1409 3718 et
1432 3660 1638 3718 utenti
1659 3662 1936 3740 amplius
1955 3661 2379 3740 dariaequum

1345 3753 1483 3819 est,
1534 3743 1693 3803 Luc.
1744 3764 1836 3825 19:
1889 3746 1990 3806 26.

245 3827 585 3907 participes
635 3837 699 3886 et
745 3828 872 3887 viri
932 3837 997 3887 et
1042 3828 1268 3886 soemi·
1309 3827 1615 3886 Habitare
1686 3849 1803 3908 pro
1871 3829 2245 3907 frequenter
2312 3851 2380 3898 se

246 3932 364 3981 nae
407 3922 591 3988 sunt,
644 3932 669 3971 1
703 3913 959 3974 Penus:
990 3934 1049 3990 7.
1111 3912 1267 3970 Gra·
1343 3912 1687 3971 ostendere
1717 3956 1734 3986 ,
1782 3933 1821 3973 2
1869 3913 2019 3972 Cor.
2070 3933 2164 3973 12:
2213 3935 2273 3993 9.

245 3997 362 4053 tias
409 4000 685 4077 agebant
743 3998 965 4057 Patres
1013 3995 1270 4055 Veteris
1309 3996 1762 4055 Habitaculum
1830 4019 2015 4057 omne
2076 4020 2199 4079 quo
2259 4021 2380 4059 no-

247 4080 642 4146 Testamenti
688 4103 805 4160 pro
850 4080 1039 4140 bon'is
1065 4090 1271 4139 terre-
1344 4080 1518 4140 mine
1583 4080 1662 4139 ab
1723 4079 2039 4149 Hebraeis
2091 4085 2384 4165 appella-

243 4165 380 4239 nis3
448 4167 744 4245 Apostoli
807 4186 968 4226 vero
1029 4187 1145 4245 pro
1190 4164 1268 4224 iis
1344 4174 1518 4242 tum,
1568 4167 1713 4226 Act.
1760 4170 1854 4228 15:
1909 4167 2005 4226 16.

241 4271 394 4329 quae
445 4251 528 4310 ad
586 4251 707 4309 Dei
753 4251 1022 4331 gloriam
1074 4250 1270 4328 perti-
1309 4250 1578 4310 Habitus
1642 4251 1798 4332 quid
1863 4250 1934 4310 in
1982 4253 2270 4313 scientiis
2315 4261 2382 4313 et

242 4335 528 4412 nebant,
576 4334 760 4393 Rom.
812 4337 966 4396 12'8.
1017 4333 1268 4393 Grati-as
1342 4336 1743 4412 virtutibus,
1792 4335 1992 4397 Hebr.
2034 4341 2093 4398 5:
2149 4357 2247 4418 14.

240 4419 473 4507 ,agendi
550 4417 856 4482 solemnis
940 4419 1224 4486 formula
1249 4464 1267 4497 ,
1306 4418 1595 4483 Hadessa
1633 4441 1868 4482 nomen
1902 4423 2234 4505 proprium
2261 4420 2382 4479 ,de-

574 4521 577 4525 ·
2154 4525 2377 4583 sump-
