2779 5085
358 245 508 308 ,44
1264 219 1794 285 INDEX

462 379 728 442 Christo
768 380 1077 461 magistro
1121 380 1245 443 Dei
1292 382 1491 440 solius
1568 387 1634 443 et
1665 377 1884 438 verbis
1914 383 2459 445 commonefacere
2479 385 2639 446 de-

458 476 905 540 veneratores,
936 467 1077 525 Col.
1099 485 1158 527 2:
1188 469 1284 526 18.
1332 467 1489 525 Crn-
1566 464 1763 539 bent,
1812 464 2042 524 Matth.
2082 471 2141 526 5:
2200 489 2289 547 ¹9·
2360 470 2438 529 ln
2484 471 2635 535 ad—

428 550 1489 624 .ciscandidatidicuntur,Matth.
1564 549 1774 607 versis
1836 569 1957 608 nec
2006 553 2427 614 recalcitrare
2471 575 2624 614 nec

454 639 649 705 5:40.
712 635 929 696 Electi
960 635 1304 714 dicuntur,
1347 634 1487 695 Ioh.
1565 633 1846 697 animum
1890 635 2285 715 despondere
2324 639 2620 714 debent,

462 723 560 780 15:
599 738 691 799 ¹9·
760 720 837 778 In
863 720 1123 799 negotio
1147 721 1485 800 religionis
1562 715 1767 776 Hebr.
1838 735 1932 778 12:
2001 719 2062 779 6.
2160 721 2242 780 Se
2301 723 2616 783 'invicem

427 803 775 884 ¹(lignitate
821 824 1002 883 pares
1045 814 1233 878 sunt,
1282 808 1487 883 Apoc.
1565 801 1871 860 damnare
1913 824 2050 862 ⁴non
2092 804 2368 881 debent,
2416 808 2626 867 Rom.

452 906 554 947 21:
611 889 705 946 16.
794 886 1049 947 ludaeis
1092 890 1483 967 posteriores
1569 889 1662 947 13:
1710 899 1773 956 4.
1840 885 2180 948 Iudicandi
2241 893 2619 955 secundum

450 962 766 1050 tempore,
810 972 1058 1051 priores
1100 973 1222 1031 Dei
1260 973 1482 1048 donis,
1562 969 1766 1051 Leges
1814 969 2155 1051 Euangelii
2181 1018 2200 1048 ,
2241 976 2449 1053 Apoc·
2486 994 2613 1036 20:

453 1055 637 1115 Rom,
698 1076 755 1133 9²
827 1059 947 1129 13,
1020 1057 1226 1135 Apoc.
1277 1076 1369 1117 12:
1420 1070 1483 1127 4.
1565 1073 1660 1114 12.
1750 1056 2037 1115 Mutuum
2103 1058 2257 1118 dare
2305 1061 2611 1135 debent,

454 1139 723 1199 Levitae
751 1139 1011 1217 mystici
1038 1185 1057 1214 ,
1083 1139 1271 1200 Rom.
1297 1161 1389 1201 12:
1421 1161 1481 1202 2.
1554 1137 1676 1198 ita.
1707 1148 1782 1197 ut
1839 1139 2141 1199 beneficii
2197 1143 2409 1204 vicem
2455 1166 2610 1205 non

449 1224 733 1302 Mystica
780 1225 1133 1283 Abrahami
1179 1225 1432 1285 soboles
1460 1272 1479 1304 ,
1559 1232 1968 1301 exspectent,
2014 1224 2175 1284 Luc.
2201 1228 2261 1287 6:
2294 1233 2396 1289 35.
2444 1228 2610 1289 Non

453 1308 594 1368 Gal.
634 1322 693 1377 4:
741 1313 840 1369 23.
908 1308 1092 1368 Nova
1140 1319 1478 1389 creatura,
1558 1326 1594 1364 a
1657 1308 1845 1371 rebus
1898 1310 2086 1368 malis
2135 1320 2423 1387 tantum,
2476 1314 2611 1374 sed

1555 1399 1620 1477 et
1646 1391 1723 1449 ab
1748 1392 1831 1450 iis
1856 1413 2016 1470 quae
2041 1396 2321 1473 speciem
2341 1396 2611 1457 habent

1557 1475 1750 1549 mali,
1817 1476 2141 1545 abstinere
2207 1480 2481 1559 debent,
2563 1501 2598 1540 1

1556 1559 1787 1619 Thess.
1828 1565 1887 1622 5:
1936 1581 2035 1623 22.
2103 1563 2353 1624 Sortem
2397 1586 2607 1644 quam

1554 1645 1849 1724 Apostoli
1886 1646 2169 1707 libenter
2203 1649 2457 1723 serant,
2481 1671 2610 1710 re·-

1552 1750 1777 1803 cusare
1844 1751 1976 1789 non
2051 1733 2286 1792 debent
2313 1778 2331 1807 ,
2402 1733 2604 1799 Rom.
2665 1789 2668 1792 ,

1552 1816 1611 1873 8:
1669 1833 1764 1893 ¹9·
1833 1813 2132 1874 Omnium
2176 1817 2464 1883 locorum
2510 1839 2601 1878 u-

1551 1918 1706 1957 num
1753 1901 1983 1978 co'rpus
2031 1921 2170 1960 esse
2219 1902 2494 1977 debent,
2552 1924 2593 1974 ιἃ

1555 1982 1708 2041 Cor.
1754 2002 1807 2042 1:
1851 2002 1913 2041 2.
1979 1982 2213 2043 Omnia
2247 1987 2458 2045 officia
2491 1982 2601 2050 A?-

1546 2066 1817 2143 postolis
1880 2064 2187 2131 exhibere
2239 2078 2596 2150 tenentur,

1548 2148 1689 2209 Ioh.
1740 2153 1835 2210 13:
1885 2168 1988 2209 2ο.
2072 2151 2198 2212 Per
2257 2154 2618 2234 baptisma(

1543 2232 1868 2295 iubentur
1903 2241 2051 2294 tres
2121 2246 2410 2301 auctores
2479 2242 2591 2299 sni

1548 2317 1861 2397 dogmatis
1907 2339 2298 2398 agnoscere,
2348 2323 2592 2387 Matth.

1547 2404 1646 2461 28:
1698 2421 1793 2481 ι9.
1860 2401 2246 2464 Sine,factis
2294 2406 2414 2486 piis
2455 2407 2588 2469 ha-
2679 2445 2689 2449 -

1545 2485 1780 2546 bentur
1815 2507 1851 2544 a
1876 2487 2016 2548 Deo
2045 2509 2164 2569 pro
2187 2511 2320 2550 non
2350 2489 2587 2552 Chris-

1542 2571 1781 2647 tianis,
1822 2571 1964 2631 Ioh.
2007 2578 2197 2634 15:⁷2.
2259 2577 2587 2654 Tolerant

1541 2655 1769 2720 brevia
1790 2698 1809 2728 ,
1856 2667 2232 2737 exspectant
2273 2670 2576 2739 aeterna,

1543 2739 1728 2799 Rom.
1768 2741 1829 2800 8:
1881 2744 1979 2800 18.
2064 2742 2233 2806 Vere
2274 2745 2381 2824 qui
2424 2758 2584 2808 sunt

1542 2833 1874 2900 praestant
1887 2839 2058 2904 'quae
2084 2827 2153 2885 in
2178 2829 2383 2889 Mosis-
2400 2831 2579 2912 Lege
2643 2896 2658 2905 ,

1535 2906 1814 2969 honesta
1880 2920 2029 2969 sunt
2090 2920 2158 2971 et
2221 2914 2360 2973 illis
2435 2937 2580 2976 ma-

1537 2993 1709 3069 iora,
1735 2992 1920 3053 Rom.
1938 2997 1998 3056 8:
2022 3008 2085 3066 4.
2102 3029 2189 3043 —-·
2210 2997 2575 3059 Christiani

1538 3077 1884 3137 Diabolum
1931 3080 2210 3140 vincunt
2256 3104 2372 3161 per
2418 3104 2577 3149 san-

1540 3163 1798 3241 guinem
1846 3163 2055 3242 Agni,
2099 3166 2303 3245 Apoc.
2344 3186 2436 3228 12:
2472 3186 2576 3229 ιι.

1540 3247 1834 3307 Gaudent
1862 3248 1943 3306 ob
1969 3252 2569 3327 perpetuam‘vitam

1538 3351 1613 3388 ac
1660 3340 2034 3409 potestatem
2085 3333 2333 3393 Christi
2358 3373 2390 3410 ‚·
2424 3335 2571 3398 Ioh.

1545 3414 1640 3475 16:
1679 3435 1781 3475 22.
1827 3414 1970 3475 Non
2013 3417 2427 3497 decipiuntur
2452 3443 2568 3500 per

1536 3499 2170 3580 Pseudoprophetas,
2202 3505 2316 3564 sed
2356 3527 2423 3565 se
2452 3506 2578 3567 de«

1536 3584 1823 3662 cipiunt,
1871 3585 2103 3647 Matth.
2143 3602 2242 3659 24:
2284 3602 2383 3660 24.
2442 3591 2568 3651 Pa·
2617 3635 2644 3659 Ι

1534 3678 1696 3728 trem
1723 3688 1836 3747 per
1864 3661 2190 3731 Christum
2217 3684 2566 3751 precantur

1531 3762 1595 3811 et
1636 3754 1875 3833 gratias
1919 3765 2155 3834 agunt,
2203 3757 2381 3818 Rom.
2416 3778 2465 3821 ιε
2493 3763 2558 3834 8,

448 1391 632 1468 Rom,
668 1395 727 1452 8:
776 1411 869 1471 19.
936 1392 1109 1453 Oves
1153 1395 1230 1452 ab
1275 1395 1480 1473 Apos-

445 1476 583 1535 tolo
610 1488 924 1536 vocantur
948 1479 1136 1537 unius
1163 1479 1475 1553 Pastoris,

441 1568 517 1620 ut
582 1561 985 1620 commendet
1051 1565 1260 1643 gregis
1323 1583 1516 1631 con-,

414 1645 735 1712 ‘cordiam
759 1689 778 1719 ,
830 1645 1030 1705 Hebr.
1061 1666 1153 1708 12:
1190 1666 1288 1706 20.
1355 1647 1478 1707 Per

448 1728 776 1789 Christum
823 1730 1023 1810 Reges
1057 1741 1123 1790 et
1159 1733 1475 1794 Sacerdo-

441 1823 540 1872 tes
561 1859 579 1888 ,
614 1833 648 1872 2
672 1814 822 1873 Cor.
851 1833 998 1875 1:21
1021 1859 1041 1890 ,
1073 1815 1270 1875 Hebr.
1291 1835 1476 1896 7:119.

446 1896 760 1956 Omnibus
786 1898 1177 1959 Christianis
1200 1901 1437 1959 fratres
1455 1946 1472 1975 ,

442 1981 610 2061 Eph.
674 1982 732 2042 6:
800 2004 862 2063 9.
960 1983 1239 2046 Primum
1312 1985 1476 2043 fiunt

439 2066 619 2139 iusti,
639 2067 874 2127 deinde
896 2069 1126 2142 sancti,
1155 2067 1322 2146 Eph.
1348 2087 1367 2124 ι
1383 2093 1400 2128 2
1421 2089 1474 2128 ι.

440 2147 717 2210 Nomine
779 2160 845 2210 et
897 2173 966 2212 re
1014 2162 1204 2209 erant
1249 2150 1469 2210 Chris-

438 2235 934 2313 tianilplerique
977 2234 1184 2293 crucis
1225 2243 1471 2313 tempo-

437 2339 510 2378 re
538 2362 554 2389 ,
620 2317 806 2380 Rom.
853 2321 912 2377 8:
961 2331 1024 2387 4.
1070 2317 1302 2378 ·Servi
1347 2321 1467 2379 Dei

438 2411 505 2461 et
527 2401 771 2459 Christi
810 2412 873 2460 et
909 2411 1172 2481 propter
1202 2401 1328 2462 hoc
1358 2405 1467 2461 alii

439 2486 748 2558 aliorum,
800 2505 824 2545 1
876 2486 1042 2547 Tim.
1078 2487 1136 2548 6:
1177 2505 1238 2567 9.
1305 2488 1471 2548 Sunt

440 2571 518 2630 de
562 2570 816 2629 familia
861 2572 1024 2645 Dei,
1077 2572 1321 2632 Gal.·6:
1373 2593 1468 2632 ιο.

438 2656 594 2714 Veri
640 2676 712 2713 ac
755 2656 939 2733 probi
974 2666 1126 2715 sunt
1157 2656 1463 2734 perfecti,

441 2757 468 2798 1
524 2740 675 2798 Cor.
721 2759 776 2799 2:
826 2740 886 2797 6.
975 2741 1087 2800 Sal
1148 2751 1360 2800 terrae
1404 2752 1465 2802 et

433 2823 680 2882 lumina
717 2824 985 2899 Mundi,
1019 2826 1252 2885 Matth.
1277 2830 1337 2890 5:
1375 2831 1467 2888 ιδ.

431 2907 765 2967 Vocantur
810 2909 1194 2969 Sacerdotes
1237 2920 1301 2970 et
1338 2910 1462 2969 Na·

400 3012 669 3065 zarae,
735 2993 965 3053 Matth.
1027 2997 1086 3055 8:
1147 2998 1247 3055 23.
1327 2996 1463 3074 Ab·

430 3076 703 3137 horrere
731 3078 967 3137 debent
996 3077 1357 3138 Christiani
1386 3079 1463 3137 ab

434 3163 611 3223 omni
654 3163 925 3240 perfidia
959 3172 1023 3221 et
1058 3164 1351 3223 vanitate
1394 3173 1465 3221 ut

434 3267 471 3305 a
517 3247 836 3323 periurio,
887 3248 1048 3307 Luc.
1074 3261 1175 3318 24:
1204 3252 1307 3306 28.
1373 3248 1462 3307 A·

404 3329 642 3394 ,nimos
710 3330 789 3388 ad
855 3333 1102 3391 coelum
1164 3333 1463 3391 attollere

431 3414 761 3486 iubentur,
788 3416 989 3493 Apoc.
1009 3436 1030 3474 1
1050 3435 1100 3476 1:
1126 3435 1220 3494 ¹9·
1263 3416 1462 3475 Bonis

431 3489 729 3575 operibus
807 3519 1102 3576 praeesse
1177 3501 1416 3559 debent
1441 3545 1461 3576 ,

396 3584 566 3643 „Tit.
602 3588 658 3649 3:
695 3586 756 3643 8.
824 3585 1143 3644 Damnum
1184 3585 1461 3663 quodvis

423 3669 637 3749 potius
685 3668 937 3727 faciant
977 3688 1161 3747 quam
1206 3678 1278 3726 ut
1322 3669 1456 3728 liti-

404 3763 625 3832 gent,
678 3771 701 3810 1
759 3753 908 3812 Cor.
952 3753 1011 3814 6:
1062 3775 1126 3832 7.
1172 3754 1341 3812 ,Cur
1386 3755 1455 3813 in

425 3857 654 3896 servos
704 3837 1112 3909 Christianos
1154 3839 1454 3898 benevoli
1536 3837 1631 3897 16:
1681 3856 1892 3909 27.--
1933 3838 2448 3902 Christianorum
2493 3852 2561 3903 et

425 3941 563 3984 esse
633 3920 960 4001 debeant,
1031 3922 1198 4002 Eph.
1263 3923 1324 3984 6:
1396 3945 1456 4002 9.
1534 3920 1781 3980 Christi
1842 3925 2060 4002 portio
2106 3927 2272 4005 apud
2317 3928 2555 4003 malos,

358 3999 361 4003 ⁵
402 4004 556 4066 ,Cur
604 4004 1171 4083 Christianisint,
1210 4005 1456 4087 semper
1532 4008 1690 4072 Luc.
1741 4010 1840 4068 23:
1897 4024 1996 4069 ΙΙ.
2042 4009 2556 4071 Christianorum

334 4116 345 4122 ·
421 4090 628 4169 parati
699 4110 836 4150 esse
901 4094 1138 4151 debent
1200 4113 1449 4153 causam
1528 4100 1624 4151 est
1693 4092 1776 4151 ad
1846 4092 2090 4151 Christi
2160 4094 2428 4173 gloriam
2494 4105 2560 4156 et

410 4172 738 4247 reddere,
781 4196 804 4235 1
839 4175 1013 4237 Petr.
1039 4182 1098 4252 ὃς
1133 4180 1229 4237 15.
1273 4178 1453 4237 Diris
1531 4176 2046 4236 aedificationem
2089 4178 2367 4243 fratrum
2410 4201 2561 4240 suo·-

427 4257 834 4318 devoventur
876 4261 1110 4339 passim
1152 4262 1224 4320 in
1264 4256 1452 4320 libris
1528 4282 1668 4319 rum
1712 4261 1874 4322 mori
1917 4271 2024 4320 aut
2057 4264 2227 4321 mala
2270 4265 2554 4344 perpeti,

404 4343 852 4404 ‚etritualibus
872 4346 1455 4420 Iudaeorum‚Luc.
1534 4363 1560 4406 1
1614 4345 1785 4414 Petr-
1829 4350 1888 4408 3:
1942 4349 2042 4406 18.
2089 4405 2092 4408 Α
2151 4346 2559 4413 Christiano,-

420 4428 483 4488 6:
515 4446 615 4492 22.
661 4428 977 4514 Exemplo
1015 4430 1162 4490 aliis
1196 4432 1453 4512 praeire
1526 4451 1667 4493 rum
1702 4451 1798 4501 >ex
1841 4430 2032 4491 sactis
2075 4430 2559 4529 religionis'pu-

1807 4539 1812 4544 ·
2039 4546 2045 4552 ·
2471 4539 2561 4576 ri-
