<?xml version="1.0" encoding="UTF-8"?>
<!DOCTYPE html PUBLIC "-//W3C//DTD XHTML 1.0 Transitional//EN"
    "http://www.w3.org/TR/xhtml1/DTD/xhtml1-transitional.dtd">
<html xmlns="http://www.w3.org/1999/xhtml" xml:lang="en" lang="en">
 <head>
  <title>
</title>
<meta http-equiv="Content-Type" content="text/html;charset=utf-8" />
  <meta name='ocr-system' content='tesseract 3.04.00' />
  <meta name='ocr-capabilities' content='ocr_page ocr_carea ocr_par ocr_line ocrx_word'/>
</head>
<body>
  <div class='ocr_page' id='page_1' title='image "./annotationesinn00grotgoog_0274.png"; bbox 0 0 2779 5085; ppageno 0'>
   <div class='ocr_carea' id='block_1_1' title="bbox 277 214 1757 319">
    <p class='ocr_par' dir='ltr' id='par_1_1' title="bbox 277 214 1757 319">
     <span class='ocr_line' id='line_1_1' title="bbox 277 214 1757 319; baseline -0.011 -23"><span class='ocrx_word' id='word_1_1' title='bbox 277 245 456 319; x_wconf 56' lang='lat'><strong>„²52</strong></span> <span class='ocrx_word' id='word_1_2' title='bbox 842 279 854 299; x_wconf 81' lang='grc'><strong>,</strong></span> <span class='ocrx_word' id='word_1_3' title='bbox 1160 214 1757 283; x_wconf 74' lang='lat' dir='ltr'><strong>INDEX·</strong></span> 
     </span>
    </p>
   </div>
   <div class='ocr_carea' id='block_1_2' title="bbox 345 375 2512 1055">
    <p class='ocr_par' dir='ltr' id='par_1_2' title="bbox 345 375 2512 1055">
     <span class='ocr_line' id='line_1_2' title="bbox 345 375 2505 478; baseline 0.001 -34.01"><span class='ocrx_word' id='word_1_4' title='bbox 345 379 692 464; x_wconf 81' lang='lat' dir='ltr'><strong>losophis,</strong></span> <span class='ocrx_word' id='word_1_5' title='bbox 755 377 927 478; x_wconf 82' lang='lat' dir='ltr'><strong>Eph.</strong></span> <span class='ocrx_word' id='word_1_6' title='bbox 967 378 1034 441; x_wconf 81' lang='lat'><strong>5:</strong></span> <span class='ocrx_word' id='word_1_7' title='bbox 1081 376 1145 440; x_wconf 98' lang='grc'><strong>6.</strong></span> <span class='ocrx_word' id='word_1_8' title='bbox 1229 375 1398 438; x_wconf 81' lang='lat' dir='ltr'>Sub-</span> <span class='ocrx_word' id='word_1_9' title='bbox 1430 377 1608 437; x_wconf 81' lang='lat' dir='ltr'><strong>Ultio</strong></span> <span class='ocrx_word' id='word_1_10' title='bbox 1656 376 1783 439; x_wconf 89' lang='lat' dir='ltr'><strong>Dei</strong></span> <span class='ocrx_word' id='word_1_11' title='bbox 1827 377 2190 461; x_wconf 76' lang='lat' dir='ltr'><strong>propinqua</strong></span> <span class='ocrx_word' id='word_1_12' title='bbox 2233 380 2505 449; x_wconf 69' lang='lat' dir='ltr'><strong>multum</strong></span> 
     </span>
     <span class='ocr_line' id='line_1_3' title="bbox 357 456 2512 550; baseline -0.001 -22"><span class='ocrx_word' id='word_1_13' title='bbox 357 468 587 528; x_wconf 84' lang='lat' dir='ltr'><strong>tiliora</strong></span> <span class='ocrx_word' id='word_1_14' title='bbox 644 456 908 548; x_wconf 79' lang='lat' dir='ltr'><strong>prop‘ius</strong></span> <span class='ocrx_word' id='word_1_15' title='bbox 971 463 1059 524; x_wconf 79' lang='lat' dir='ltr'><strong>ad</strong></span> <span class='ocrx_word' id='word_1_16' title='bbox 1119 461 1394 523; x_wconf 79' lang='lat' dir='ltr'><strong>virtutes</strong></span> <span class='ocrx_word' id='word_1_17' title='bbox 1468 463 2094 545; x_wconf 68' lang='lat' dir='ltr'><strong>solatur-oppressos,</strong></span> <span class='ocrx_word' id='word_1_18' title='bbox 2113 468 2316 546; x_wconf 79' lang='lat' dir='ltr'><strong>Apoc.</strong></span> <span class='ocrx_word' id='word_1_19' title='bbox 2336 482 2430 540; x_wconf 80' lang='lat'><strong>14:</strong></span> <span class='ocrx_word' id='word_1_20' title='bbox 2450 492 2512 550; x_wconf 91' lang='lat'><strong>7.</strong></span> 
     </span>
     <span class='ocr_line' id='line_1_4' title="bbox 358 545 2505 631; baseline 0 -19"><span class='ocrx_word' id='word_1_21' title='bbox 358 552 672 613; x_wconf 82' lang='lat' dir='ltr'><strong>videntur</strong></span> <span class='ocrx_word' id='word_1_22' title='bbox 698 549 1043 623; x_wconf 79' lang='lat' dir='ltr'><strong>accedere,</strong></span> <span class='ocrx_word' id='word_1_23' title='bbox 1072 545 1237 627; x_wconf 85' lang='lat' dir='ltr'><strong>Eph.</strong></span> <span class='ocrx_word' id='word_1_24' title='bbox 1259 565 1314 607; x_wconf 79' lang='lat'><strong>2:</strong></span> <span class='ocrx_word' id='word_1_25' title='bbox 1332 549 1394 609; x_wconf 90' lang='grc'><strong>3.</strong></span> <span class='ocrx_word' id='word_1_26' title='bbox 1469 546 1650 606; x_wconf 87' lang='lat' dir='ltr'><strong>Ultio</strong></span> <span class='ocrx_word' id='word_1_27' title='bbox 1715 549 2083 629; x_wconf 85' lang='lat' dir='ltr'><strong>expetenda</strong></span> <span class='ocrx_word' id='word_1_28' title='bbox 2163 571 2297 610; x_wconf 88' lang='lat' dir='ltr'><strong>non</strong></span> <span class='ocrx_word' id='word_1_29' title='bbox 2361 564 2505 631; x_wconf 87' lang='lat' dir='ltr'><strong>est,</strong></span> 
     </span>
     <span class='ocr_line' id='line_1_5' title="bbox 356 592 2507 715; baseline -0.002 -17"><span class='ocrx_word' id='word_1_30' title='bbox 356 637 599 698; x_wconf 75' lang='lat' dir='ltr'><strong>Aliena</strong></span> <span class='ocrx_word' id='word_1_31' title='bbox 643 633 717 695; x_wconf 87' lang='lat' dir='ltr'><strong>in</strong></span> <span class='ocrx_word' id='word_1_32' title='bbox 761 633 971 693; x_wconf 80' lang='lat' dir='ltr'><strong>oculis</strong></span> <span class='ocrx_word' id='word_1_33' title='bbox 1024 592 1389 706; x_wconf 48' lang='lat' dir='ltr'><strong>labemus,</strong></span> <span class='ocrx_word' id='word_1_34' title='bbox 1471 630 1702 691; x_wconf 82' lang='lat' dir='ltr'><strong>Matth.</strong></span> <span class='ocrx_word' id='word_1_35' title='bbox 1748 632 1833 692; x_wconf 89' lang='lat'><strong>6:</strong></span> <span class='ocrx_word' id='word_1_36' title='bbox 1881 646 1998 707; x_wconf 87' lang='grc' dir='ltr'><strong>ι4,</strong></span> <span class='ocrx_word' id='word_1_37' title='bbox 2072 633 2235 696; x_wconf 85' lang='lat' dir='ltr'><strong>Luc.</strong></span> <span class='ocrx_word' id='word_1_38' title='bbox 2301 654 2394 715; x_wconf 84' lang='lat'><strong>17:</strong></span> <span class='ocrx_word' id='word_1_39' title='bbox 2446 642 2507 701; x_wconf 84' lang='lat'><strong>3.</strong></span> 
     </span>
     <span class='ocr_line' id='line_1_6' title="bbox 354 714 2506 799; baseline -0 -17"><span class='ocrx_word' id='word_1_40' title='bbox 354 728 586 782; x_wconf 78' lang='lat' dir='ltr'><strong>nostra</strong></span> <span class='ocrx_word' id='word_1_41' title='bbox 624 738 665 777; x_wconf 91' lang='lat' dir='ltr'><strong>a</strong></span> <span class='ocrx_word' id='word_1_42' title='bbox 707 726 891 797; x_wconf 80' lang='lat' dir='ltr'><strong>tergo</strong></span> <span class='ocrx_word' id='word_1_43' title='bbox 948 723 1140 791; x_wconf 76' lang='lat' dir='ltr'><strong>sunt,</strong></span> <span class='ocrx_word' id='word_1_44' title='bbox 1210 714 1392 774; x_wconf 82' lang='lat' dir='ltr'><strong>Rom.</strong></span> <span class='ocrx_word' id='word_1_45' title='bbox 1467 715 1683 776; x_wconf 74' lang='lat' dir='ltr'><strong>Minus</strong></span> <span class='ocrx_word' id='word_1_46' title='bbox 1697 716 2217 796; x_wconf 80' lang='lat' dir='ltr'><strong>periculosacum</strong></span> <span class='ocrx_word' id='word_1_47' title='bbox 2231 739 2346 799; x_wconf 90' lang='lat' dir='ltr'><strong>per</strong></span> <span class='ocrx_word' id='word_1_48' title='bbox 2365 722 2506 781; x_wconf 86' lang='lat' dir='ltr'><strong>Ma·-</strong></span> 
     </span>
     <span class='ocr_line' id='line_1_7' title="bbox 353 796 1392 881; baseline -0.009 -14"><span class='ocrx_word' id='word_1_49' title='bbox 353 825 418 868; x_wconf 75' lang='lat'><strong>2:</strong></span> <span class='ocrx_word' id='word_1_50' title='bbox 474 822 530 863; x_wconf 90' lang='grc' dir='ltr'><strong>ι.</strong></span> <span class='ocrx_word' id='word_1_51' title='bbox 594 801 837 863; x_wconf 81' lang='lat' dir='ltr'><strong>Eorum</strong></span> <span class='ocrx_word' id='word_1_52' title='bbox 885 800 963 861; x_wconf 86' lang='lat' dir='ltr'><strong>de</strong></span> <span class='ocrx_word' id='word_1_53' title='bbox 1006 796 1236 881; x_wconf 77' lang='lat' dir='ltr'><strong>quibas</strong></span> <span class='ocrx_word' id='word_1_54' title='bbox 1275 799 1392 858; x_wconf 88' lang='lat' dir='ltr'><strong>bo-</strong></span> 
     </span>
     <span class='ocr_line' id='line_1_8' title="bbox 352 882 1391 967; baseline -0.008 -17"><span class='ocrx_word' id='word_1_55' title='bbox 352 908 481 950; x_wconf 78' lang='lat' dir='ltr'><strong>nae</strong></span> <span class='ocrx_word' id='word_1_56' title='bbox 550 885 797 967; x_wconf 79' lang='lat' dir='ltr'><strong>aliquid</strong></span> <span class='ocrx_word' id='word_1_57' title='bbox 878 892 1176 965; x_wconf 75' lang='lat' dir='ltr'><strong>superest</strong></span> <span class='ocrx_word' id='word_1_58' title='bbox 1250 882 1391 963; x_wconf 79' lang='lat' dir='ltr'><strong>spei</strong></span> 
     </span>
     <span class='ocr_line' id='line_1_9' title="bbox 354 968 1386 1055; baseline -0.006 -22"><span class='ocrx_word' id='word_1_59' title='bbox 354 973 570 1055; x_wconf 80' lang='lat' dir='ltr'><strong>palam</strong></span> <span class='ocrx_word' id='word_1_60' title='bbox 620 968 950 1051; x_wconf 81' lang='lat' dir='ltr'><strong>arguenda</strong></span> <span class='ocrx_word' id='word_1_61' title='bbox 1007 989 1143 1028; x_wconf 91' lang='lat' dir='ltr'><strong>non</strong></span> <span class='ocrx_word' id='word_1_62' title='bbox 1190 972 1386 1044; x_wconf 81' lang='lat' dir='ltr'><strong>sunt,</strong></span> 
     </span>
    </p>
   </div>
   <div class='ocr_carea' id='block_1_3' title="bbox 1392 590 1418 1010">
    <p class='ocr_par' dir='ltr' id='par_1_3' title="bbox 1392 590 1418 1010">
     <span class='ocr_line' id='line_1_10' title="bbox 1401 590 1415 672; baseline 0 -80"><span class='ocrx_word' id='word_1_63' title='bbox 1401 590 1415 672; x_wconf 95' lang='lat' dir='ltr'><strong>  </strong></span> 
     </span>
     <span class='ocr_line' id='line_1_11' title="bbox 1392 841 1418 1010; baseline 0 -2"><span class='ocrx_word' id='word_1_64' title='bbox 1392 841 1418 1010; x_wconf 95' lang='lat' dir='ltr'><strong>    </strong></span> 
     </span>
    </p>
   </div>
   <div class='ocr_carea' id='block_1_4' title="bbox 306 878 2511 1974">
    <p class='ocr_par' dir='ltr' id='par_1_4' title="bbox 306 878 2511 1974">
     <span class='ocr_line' id='line_1_12' title="bbox 1463 878 2511 967; baseline 0.004 -22"><span class='ocrx_word' id='word_1_65' title='bbox 1463 887 1525 945; x_wconf 72' lang='lat'><strong>5:</strong></span> <span class='ocrx_word' id='word_1_66' title='bbox 1570 886 1675 964; x_wconf 97' lang='grc'><strong>39.</strong></span> <span class='ocrx_word' id='word_1_67' title='bbox 1738 882 1874 945; x_wconf 83' lang='lat' dir='ltr'><strong>Nec</strong></span> <span class='ocrx_word' id='word_1_68' title='bbox 1914 884 2037 944; x_wconf 79' lang='lat' dir='ltr'><strong>hoc</strong></span> <span class='ocrx_word' id='word_1_69' title='bbox 2082 897 2324 967; x_wconf 81' lang='lat' dir='ltr'><strong>pugnat</strong></span> <span class='ocrx_word' id='word_1_70' title='bbox 2358 878 2511 949; x_wconf 53' lang='lat' dir='ltr'><strong>cum&#39;</strong></span> 
     </span>
     <span class='ocr_line' id='line_1_13' title="bbox 1465 967 2502 1050; baseline 0.006 -23"><span class='ocrx_word' id='word_1_71' title='bbox 1465 987 1661 1048; x_wconf 85' lang='lat' dir='ltr'><strong>scopo</strong></span> <span class='ocrx_word' id='word_1_72' title='bbox 1729 968 1854 1028; x_wconf 83' lang='lat' dir='ltr'><strong>Dei</strong></span> <span class='ocrx_word' id='word_1_73' title='bbox 1932 967 2167 1050; x_wconf 81' lang='lat' dir='ltr'><strong>Legem</strong></span> <span class='ocrx_word' id='word_1_74' title='bbox 2235 972 2502 1033; x_wconf 83' lang='lat' dir='ltr'><strong>talionis</strong></span> 
     </span>
     <span class='ocr_line' id='line_1_14' title="bbox 330 1051 2500 1133; baseline -0.001 -14"><span class='ocrx_word' id='word_1_75' title='bbox 330 1054 592 1120; x_wconf 60' lang='lat' dir='ltr'><strong>matth.</strong></span> <span class='ocrx_word' id='word_1_76' title='bbox 620 1073 715 1115; x_wconf 75' lang='lat'><strong>12:</strong></span> <span class='ocrx_word' id='word_1_77' title='bbox 750 1074 843 1133; x_wconf 93' lang='grc' dir='ltr'><strong>ι9.</strong></span> <span class='ocrx_word' id='word_1_78' title='bbox 894 1051 1227 1126; x_wconf 81' lang='lat' dir='ltr'><strong>Quaedam</strong></span> <span class='ocrx_word' id='word_1_79' title='bbox 1253 1072 1387 1111; x_wconf 90' lang='lat' dir='ltr'><strong>non</strong></span> <span class='ocrx_word' id='word_1_80' title='bbox 1463 1072 1578 1130; x_wconf 87' lang='lat' dir='ltr'><strong>per</strong></span> <span class='ocrx_word' id='word_1_81' title='bbox 1647 1052 1872 1113; x_wconf 80' lang='lat' dir='ltr'><strong>Mosen</strong></span> <span class='ocrx_word' id='word_1_82' title='bbox 1937 1052 2258 1131; x_wconf 76' lang='lat' dir='ltr'><strong>ferentis,</strong></span> <span class='ocrx_word' id='word_1_83' title='bbox 2336 1056 2500 1117; x_wconf 88' lang='lat' dir='ltr'><strong>ibid.</strong></span> 
     </span>
     <span class='ocr_line' id='line_1_15' title="bbox 351 1134 2496 1220; baseline -0.001 -18"><span class='ocrx_word' id='word_1_84' title='bbox 351 1142 482 1202; x_wconf 80' lang='lat' dir='ltr'><strong>nisi</strong></span> <span class='ocrx_word' id='word_1_85' title='bbox 526 1158 759 1220; x_wconf 82' lang='lat' dir='ltr'><strong>magno</strong></span> <span class='ocrx_word' id='word_1_86' title='bbox 795 1137 944 1197; x_wconf 74' lang='lat' dir='ltr'><strong>nisu</strong></span> <span class='ocrx_word' id='word_1_87' title='bbox 976 1157 1239 1217; x_wconf 85' lang='lat' dir='ltr'><strong>precum</strong></span> <span class='ocrx_word' id='word_1_88' title='bbox 1273 1156 1380 1195; x_wconf 81' lang='lat' dir='ltr'><strong>ex·</strong></span> <span class='ocrx_word' id='word_1_89' title='bbox 1463 1134 1700 1196; x_wconf 77' lang='lat' dir='ltr'><strong>Differt</strong></span> <span class='ocrx_word' id='word_1_90' title='bbox 1756 1136 1921 1196; x_wconf 81' lang='lat' dir='ltr'><strong>ultio</strong></span> <span class='ocrx_word' id='word_1_91' title='bbox 1981 1157 2022 1196; x_wconf 90' lang='lat' dir='ltr'><strong>a</strong></span> <span class='ocrx_word' id='word_1_92' title='bbox 2068 1138 2448 1200; x_wconf 79' lang='lat' dir='ltr'><strong>defensione</strong></span> <span class='ocrx_word' id='word_1_93' title='bbox 2473 1184 2496 1217; x_wconf 90' lang='lat'>‚</span> 
     </span>
     <span class='ocr_line' id='line_1_16' title="bbox 348 1219 2497 1320; baseline 0 -36"><span class='ocrx_word' id='word_1_94' title='bbox 348 1224 625 1320; x_wconf 70' lang='lat' dir='ltr'><strong>pugnari</strong></span> <span class='ocrx_word' id='word_1_95' title='bbox 664 1229 968 1301; x_wconf 81' lang='lat' dir='ltr'><strong>possunt,</strong></span> <span class='ocrx_word' id='word_1_96' title='bbox 1021 1219 1251 1281; x_wconf 76' lang='lat' dir='ltr'><strong>Matth.</strong></span> <span class='ocrx_word' id='word_1_97' title='bbox 1288 1237 1380 1298; x_wconf 86' lang='lat'><strong>17:</strong></span> <span class='ocrx_word' id='word_1_98' title='bbox 1458 1219 1628 1279; x_wconf 85' lang='lat' dir='ltr'>ibid.</span> <span class='ocrx_word' id='word_1_99' title='bbox 1716 1221 1877 1281; x_wconf 81' lang='lat' dir='ltr'><strong>Item</strong></span> <span class='ocrx_word' id='word_1_100' title='bbox 1942 1242 1980 1280; x_wconf 88' lang='lat' dir='ltr'><strong>a</strong></span> <span class='ocrx_word' id='word_1_101' title='bbox 2025 1242 2273 1302; x_wconf 88' lang='lat' dir='ltr'><strong>poena,</strong></span> <span class='ocrx_word' id='word_1_102' title='bbox 2335 1224 2497 1286; x_wconf 81' lang='lat' dir='ltr'><strong>ibid.</strong></span> 
     </span>
     <span class='ocr_line' id='line_1_17' title="bbox 348 1303 2499 1383; baseline 0.001 -16"><span class='ocrx_word' id='word_1_103' title='bbox 348 1329 454 1371; x_wconf 79' lang='grc' dir='ltr'><strong>2ι.</strong></span> <span class='ocrx_word' id='word_1_104' title='bbox 537 1306 855 1365; x_wconf 74' lang='lat' dir='ltr'><strong>Vitiorum</strong></span> <span class='ocrx_word' id='word_1_105' title='bbox 902 1303 1062 1363; x_wconf 85' lang='lat' dir='ltr'><strong>nodi</strong></span> <span class='ocrx_word' id='word_1_106' title='bbox 1107 1305 1225 1364; x_wconf 80' lang='lat' dir='ltr'><strong>vix</strong></span> <span class='ocrx_word' id='word_1_107' title='bbox 1271 1324 1381 1364; x_wconf 79' lang='lat' dir='ltr'><strong>ex·</strong></span> <span class='ocrx_word' id='word_1_108' title='bbox 1463 1303 1797 1364; x_wconf 86' lang='lat' dir='ltr'><strong>Ultionem</strong></span> <span class='ocrx_word' id='word_1_109' title='bbox 1862 1304 2040 1365; x_wconf 84' lang='lat' dir='ltr'><strong>ferae</strong></span> <span class='ocrx_word' id='word_1_110' title='bbox 2102 1327 2285 1383; x_wconf 87' lang='lat' dir='ltr'><strong>esse,</strong></span> <span class='ocrx_word' id='word_1_111' title='bbox 2360 1329 2499 1369; x_wconf 88' lang='lat' dir='ltr'><strong>non</strong></span> 
     </span>
     <span class='ocr_line' id='line_1_18' title="bbox 345 1385 2500 1486; baseline 0 -33"><span class='ocrx_word' id='word_1_112' title='bbox 345 1390 730 1464; x_wconf 85' lang='lat' dir='ltr'><strong>tricabiles,</strong></span> <span class='ocrx_word' id='word_1_113' title='bbox 768 1388 994 1449; x_wconf 72' lang='lat' dir='ltr'><strong>Act-8:</strong></span> <span class='ocrx_word' id='word_1_114' title='bbox 1024 1392 1127 1451; x_wconf 97' lang='grc'><strong>23.</strong></span> <span class='ocrx_word' id='word_1_115' title='bbox 1174 1386 1381 1447; x_wconf 85' lang='lat' dir='ltr'><strong>Vitio·</strong></span> <span class='ocrx_word' id='word_1_116' title='bbox 1458 1385 1787 1486; x_wconf 74' lang='lat' dir='ltr'><strong>liominis,</strong></span> <span class='ocrx_word' id='word_1_117' title='bbox 1837 1389 2073 1450; x_wconf 85' lang='lat' dir='ltr'><strong>Matth.</strong></span> <span class='ocrx_word' id='word_1_118' title='bbox 2108 1393 2171 1453; x_wconf 82' lang='lat'><strong>5:</strong></span> <span class='ocrx_word' id='word_1_119' title='bbox 2201 1395 2314 1475; x_wconf 88' lang='grc'><strong>39.</strong></span> <span class='ocrx_word' id='word_1_120' title='bbox 2346 1392 2500 1473; x_wconf 86' lang='lat' dir='ltr'><strong>Ipsa</strong></span> 
     </span>
     <span class='ocr_line' id='line_1_19' title="bbox 345 1471 2458 1552; baseline 0 -15"><span class='ocrx_word' id='word_1_121' title='bbox 345 1496 490 1538; x_wconf 80' lang='lat' dir='ltr'><strong>rum</strong></span> <span class='ocrx_word' id='word_1_122' title='bbox 556 1473 889 1548; x_wconf 79' lang='lat' dir='ltr'><strong>servitus,</strong></span> <span class='ocrx_word' id='word_1_123' title='bbox 953 1471 1098 1533; x_wconf 74' lang='lat'><strong>1011.</strong></span> <span class='ocrx_word' id='word_1_124' title='bbox 1164 1475 1225 1532; x_wconf 88' lang='grc'><strong>8.</strong></span> <span class='ocrx_word' id='word_1_125' title='bbox 1285 1476 1385 1542; x_wconf 86' lang='grc'><strong>34.</strong></span> <span class='ocrx_word' id='word_1_126' title='bbox 1459 1471 1698 1532; x_wconf 85' lang='lat' dir='ltr'><strong>iniuria</strong></span> <span class='ocrx_word' id='word_1_127' title='bbox 1744 1493 1882 1533; x_wconf 80' lang='lat' dir='ltr'><strong>esse</strong></span> <span class='ocrx_word' id='word_1_128' title='bbox 1927 1474 2246 1552; x_wconf 86' lang='lat' dir='ltr'><strong>peiorem,</strong></span> <span class='ocrx_word' id='word_1_129' title='bbox 2292 1476 2458 1537; x_wconf 84' lang='lat' dir='ltr'><strong>ibid.</strong></span> 
     </span>
     <span class='ocr_line' id='line_1_20' title="bbox 343 1555 2502 1640; baseline 0 -19"><span class='ocrx_word' id='word_1_130' title='bbox 343 1559 542 1621; x_wconf 77' lang='lat' dir='ltr'><strong>vitiis</strong></span> <span class='ocrx_word' id='word_1_131' title='bbox 592 1557 727 1617; x_wconf 75' lang='lat' dir='ltr'><strong>anis</strong></span> <span class='ocrx_word' id='word_1_132' title='bbox 762 1558 1098 1618; x_wconf 86' lang='lat' dir='ltr'><strong>contraria</strong></span> <span class='ocrx_word' id='word_1_133' title='bbox 1127 1576 1242 1616; x_wconf 84' lang='lat' dir='ltr'><strong>cnr</strong></span> <span class='ocrx_word' id='word_1_134' title='bbox 1267 1576 1381 1615; x_wconf 86' lang='lat' dir='ltr'><strong>no·</strong></span> <span class='ocrx_word' id='word_1_135' title='bbox 1424 1555 1665 1616; x_wconf 81' lang='lat' dir='ltr'><strong>Umbra</strong></span> <span class='ocrx_word' id='word_1_136' title='bbox 1710 1556 1995 1619; x_wconf 82' lang='lat' dir='ltr'><strong>Achillis</strong></span> <span class='ocrx_word' id='word_1_137' title='bbox 2054 1579 2169 1639; x_wconf 88' lang='lat' dir='ltr'><strong>per</strong></span> <span class='ocrx_word' id='word_1_138' title='bbox 2230 1561 2502 1640; x_wconf 80' lang='lat' dir='ltr'><strong>Apollo-</strong></span> 
     </span>
     <span class='ocr_line' id='line_1_21' title="bbox 345 1639 2498 1722; baseline 0 -18"><span class='ocrx_word' id='word_1_139' title='bbox 345 1645 478 1705; x_wconf 86' lang='lat' dir='ltr'><strong>lint</strong></span> <span class='ocrx_word' id='word_1_140' title='bbox 520 1641 820 1702; x_wconf 85' lang='lat' dir='ltr'><strong>homines</strong></span> <span class='ocrx_word' id='word_1_141' title='bbox 872 1641 1030 1702; x_wconf 84' lang='lat' dir='ltr'><strong>mali</strong></span> <span class='ocrx_word' id='word_1_142' title='bbox 1074 1660 1235 1703; x_wconf 80' lang='lat' dir='ltr'><strong>vera</strong></span> <span class='ocrx_word' id='word_1_143' title='bbox 1281 1639 1383 1700; x_wconf 80' lang='lat' dir='ltr'><strong>vi·</strong></span> <span class='ocrx_word' id='word_1_144' title='bbox 1461 1640 1638 1699; x_wconf 86' lang='lat' dir='ltr'><strong>nium</strong></span> <span class='ocrx_word' id='word_1_145' title='bbox 1681 1640 1940 1718; x_wconf 86' lang='lat' dir='ltr'><strong>locuta,</strong></span> <span class='ocrx_word' id='word_1_146' title='bbox 1989 1642 2196 1722; x_wconf 85' lang='lat' dir='ltr'><strong>Apoc.</strong></span> <span class='ocrx_word' id='word_1_147' title='bbox 2218 1648 2340 1707; x_wconf 79' lang='lat'><strong>.:13</strong></span> <span class='ocrx_word' id='word_1_148' title='bbox 2398 1658 2498 1717; x_wconf 81' lang='lat'><strong>¹4·</strong></span> 
     </span>
     <span class='ocr_line' id='line_1_22' title="bbox 351 1726 1080 1803; baseline -0.007 -13"><span class='ocrx_word' id='word_1_149' title='bbox 351 1727 540 1803; x_wconf 83' lang='lat' dir='ltr'><strong>deri,</strong></span> <span class='ocrx_word' id='word_1_150' title='bbox 591 1746 615 1786; x_wconf 88' lang='lat'><strong>1</strong></span> <span class='ocrx_word' id='word_1_151' title='bbox 672 1726 826 1786; x_wconf 85' lang='lat' dir='ltr'><strong>Cor.</strong></span> <span class='ocrx_word' id='word_1_152' title='bbox 878 1745 932 1786; x_wconf 88' lang='lat'><strong>1:</strong></span> <span class='ocrx_word' id='word_1_153' title='bbox 983 1728 1080 1785; x_wconf 91' lang='grc' dir='ltr'><strong>ι8.</strong></span> 
     </span>
     <span class='ocr_line' id='line_1_23' title="bbox 306 1804 2501 1891; baseline 0 -18"><span class='ocrx_word' id='word_1_154' title='bbox 306 1813 604 1874; x_wconf 72' lang='lat' dir='ltr'><strong>vitulum</strong></span> <span class='ocrx_word' id='word_1_155' title='bbox 650 1830 768 1889; x_wconf 85' lang='lat' dir='ltr'><strong>pro</strong></span> <span class='ocrx_word' id='word_1_156' title='bbox 815 1830 882 1870; x_wconf 85' lang='lat' dir='ltr'><strong>se</strong></span> <span class='ocrx_word' id='word_1_157' title='bbox 930 1830 1007 1870; x_wconf 88' lang='lat' dir='ltr'><strong>ac</strong></span> <span class='ocrx_word' id='word_1_158' title='bbox 1046 1804 1238 1870; x_wconf 87' lang='lat' dir='ltr'><strong>domo</strong></span> <span class='ocrx_word' id='word_1_159' title='bbox 1271 1828 1385 1868; x_wconf 84' lang='lat' dir='ltr'><strong>sua</strong></span> <span class='ocrx_word' id='word_1_160' title='bbox 1459 1809 1679 1886; x_wconf 82' lang='lat' dir='ltr'><strong>unde,</strong></span> <span class='ocrx_word' id='word_1_161' title='bbox 1749 1808 1948 1871; x_wconf 81' lang='lat' dir='ltr'><strong>Hebr.</strong></span> <span class='ocrx_word' id='word_1_162' title='bbox 1992 1832 2052 1891; x_wconf 92' lang='grc'><strong>9.</strong></span> <span class='ocrx_word' id='word_1_163' title='bbox 2099 1815 2165 1873; x_wconf 90' lang='grc'><strong>5.</strong></span> <span class='ocrx_word' id='word_1_164' title='bbox 2251 1813 2501 1874; x_wconf 88' lang='lat' dir='ltr'><strong>Umbra</strong></span> 
     </span>
     <span class='ocr_line' id='line_1_24' title="bbox 349 1892 2492 1974; baseline 0 -17"><span class='ocrx_word' id='word_1_165' title='bbox 349 1895 663 1957; x_wconf 82' lang='lat' dir='ltr'><strong>offerebat</strong></span> <span class='ocrx_word' id='word_1_166' title='bbox 682 1893 1012 1972; x_wconf 78' lang='lat' dir='ltr'><strong>Pontifex,</strong></span> <span class='ocrx_word' id='word_1_167' title='bbox 1036 1892 1385 1955; x_wconf 74' lang='lat' dir='ltr'><strong>Helu-‚5:3.</strong></span> <span class='ocrx_word' id='word_1_168' title='bbox 1457 1902 1557 1953; x_wconf 87' lang='lat' dir='ltr'><strong>est</strong></span> <span class='ocrx_word' id='word_1_169' title='bbox 1615 1892 1689 1953; x_wconf 86' lang='lat' dir='ltr'><strong>in</strong></span> <span class='ocrx_word' id='word_1_170' title='bbox 1753 1894 1975 1955; x_wconf 87' lang='lat' dir='ltr'><strong>Veteri</strong></span> <span class='ocrx_word' id='word_1_171' title='bbox 2029 1896 2492 1974; x_wconf 86' lang='lat' dir='ltr'><strong>Testamento,</strong></span> 
     </span>
    </p>
   </div>
   <div class='ocr_carea' id='block_1_5' title="bbox 208 1977 2494 2061">
    <p class='ocr_par' dir='ltr' id='par_1_5' title="bbox 208 1977 2494 2061">
     <span class='ocr_line' id='line_1_25' title="bbox 208 1977 2494 2061; baseline 0 -19"><span class='ocrx_word' id='word_1_172' title='bbox 208 1980 226 1997; x_wconf 68' lang='lat'><strong>⁴</strong></span> <span class='ocrx_word' id='word_1_173' title='bbox 302 1981 553 2042; x_wconf 79' lang='lat' dir='ltr'><strong>Vivens</strong></span> <span class='ocrx_word' id='word_1_174' title='bbox 638 1977 977 2060; x_wconf 78' lang='lat' dir='ltr'><strong>epitheton</strong></span> <span class='ocrx_word' id='word_1_175' title='bbox 1029 1978 1172 2040; x_wconf 78' lang='lat' dir='ltr'><strong>Dei</strong></span> <span class='ocrx_word' id='word_1_176' title='bbox 1240 1985 1380 2052; x_wconf 85' lang='lat' dir='ltr'><strong>est,</strong></span> <span class='ocrx_word' id='word_1_177' title='bbox 1456 1977 1760 2037; x_wconf 72' lang='lat' dir='ltr'><strong>soliditas</strong></span> <span class='ocrx_word' id='word_1_178' title='bbox 1800 1978 1872 2038; x_wconf 91' lang='lat' dir='ltr'><strong>in</strong></span> <span class='ocrx_word' id='word_1_179' title='bbox 1915 1978 2309 2061; x_wconf 86' lang='lat' dir='ltr'><strong>Euangelio,</strong></span> <span class='ocrx_word' id='word_1_180' title='bbox 2349 1983 2494 2043; x_wconf 78' lang='lat' dir='ltr'><strong>cot.</strong></span> 
     </span>
    </p>
   </div>
   <div class='ocr_carea' id='block_1_6' title="bbox 329 2062 2519 2476">
    <p class='ocr_par' dir='ltr' id='par_1_6' title="bbox 341 2062 2498 2462">
     <span class='ocr_line' id='line_1_26' title="bbox 347 2062 2494 2145; baseline 0 -19"><span class='ocrx_word' id='word_1_181' title='bbox 347 2062 580 2127; x_wconf 68' lang='lat' dir='ltr'><strong>matth.</strong></span> <span class='ocrx_word' id='word_1_182' title='bbox 632 2064 885 2139; x_wconf 82' lang='lat'><strong>16:16,</strong></span> <span class='ocrx_word' id='word_1_183' title='bbox 937 2081 962 2122; x_wconf 91' lang='grc' dir='ltr'><strong>ι</strong></span> <span class='ocrx_word' id='word_1_184' title='bbox 996 2063 1170 2128; x_wconf 84' lang='lat' dir='ltr'><strong>Tim.</strong></span> <span class='ocrx_word' id='word_1_185' title='bbox 1190 2064 1252 2124; x_wconf 91' lang='grc'><strong>6.</strong></span> <span class='ocrx_word' id='word_1_186' title='bbox 1287 2081 1383 2142; x_wconf 93' lang='grc' dir='ltr'><strong>ι7.</strong></span> <span class='ocrx_word' id='word_1_187' title='bbox 1458 2081 1516 2122; x_wconf 85' lang='lat'><strong>2:</strong></span> <span class='ocrx_word' id='word_1_188' title='bbox 1550 2083 1611 2142; x_wconf 86' lang='lat'><strong>9.</strong></span> <span class='ocrx_word' id='word_1_189' title='bbox 1657 2062 1901 2123; x_wconf 87' lang='lat' dir='ltr'><strong>Umbra</strong></span> <span class='ocrx_word' id='word_1_190' title='bbox 1938 2063 2179 2124; x_wconf 87' lang='lat' dir='ltr'><strong>dicitur</strong></span> <span class='ocrx_word' id='word_1_191' title='bbox 2204 2086 2309 2124; x_wconf 88' lang='lat' dir='ltr'><strong>res</strong></span> <span class='ocrx_word' id='word_1_192' title='bbox 2332 2086 2494 2145; x_wconf 87' lang='lat' dir='ltr'><strong>quae</strong></span> 
     </span>
     <span class='ocr_line' id='line_1_27' title="bbox 329 2146 2519 2230; baseline 0.002 -24.026"><span class='ocrx_word' id='word_1_193' title='bbox 329 2147 588 2209; x_wconf 75' lang='lat' dir='ltr'><strong>.Vivere</strong></span> <span class='ocrx_word' id='word_1_194' title='bbox 677 2169 796 2228; x_wconf 83' lang='lat' dir='ltr'><strong>pro</strong></span> <span class='ocrx_word' id='word_1_195' title='bbox 874 2146 1041 2208; x_wconf 83' lang='lat' dir='ltr'><strong>bene</strong></span> <span class='ocrx_word' id='word_1_196' title='bbox 1110 2147 1489 2222; x_wconf 82' lang='lat' dir='ltr'><strong>valere,r</strong></span> <span class='ocrx_word' id='word_1_197' title='bbox 1454 2146 1577 2205; x_wconf 85' lang='lat' dir='ltr'><strong>rei</strong></span> <span class='ocrx_word' id='word_1_198' title='bbox 1612 2146 1993 2226; x_wconf 76' lang='lat' dir='ltr'><strong>principalis</strong></span> <span class='ocrx_word' id='word_1_199' title='bbox 2064 2149 2519 2230; x_wconf 82' lang='lat' dir='ltr'><strong>significatio-</strong></span> 
     </span>
     <span class='ocr_line' id='line_1_28' title="bbox 346 2228 2367 2306; baseline -0.001 -11"><span class='ocrx_word' id='word_1_200' title='bbox 346 2233 490 2295; x_wconf 83' lang='lat' dir='ltr'><strong>loh.</strong></span> <span class='ocrx_word' id='word_1_201' title='bbox 527 2248 589 2304; x_wconf 80' lang='lat'><strong>4:</strong></span> <span class='ocrx_word' id='word_1_202' title='bbox 632 2234 738 2294; x_wconf 86' lang='lat'><strong>50.</strong></span> <span class='ocrx_word' id='word_1_203' title='bbox 789 2229 1032 2292; x_wconf 79' lang='lat' dir='ltr'><strong>Vivere</strong></span> <span class='ocrx_word' id='word_1_204' title='bbox 1067 2229 1379 2292; x_wconf 85' lang='lat' dir='ltr'><strong>Hebraeis</strong></span> <span class='ocrx_word' id='word_1_205' title='bbox 1454 2251 1597 2290; x_wconf 84' lang='lat' dir='ltr'><strong>nem</strong></span> <span class='ocrx_word' id='word_1_206' title='bbox 1648 2228 1888 2306; x_wconf 79' lang='lat' dir='ltr'><strong>habet,</strong></span> <span class='ocrx_word' id='word_1_207' title='bbox 1946 2231 2140 2293; x_wconf 87' lang='lat' dir='ltr'><strong>Hebr.</strong></span> <span class='ocrx_word' id='word_1_208' title='bbox 2193 2236 2253 2294; x_wconf 93' lang='lat'><strong>8:</strong></span> <span class='ocrx_word' id='word_1_209' title='bbox 2304 2236 2367 2294; x_wconf 90' lang='grc'><strong>5.</strong></span> 
     </span>
     <span class='ocr_line' id='line_1_29' title="bbox 341 2274 2495 2378; baseline 0 -1"><span class='ocrx_word' id='word_1_210' title='bbox 341 2316 670 2378; x_wconf 86' lang='lat' dir='ltr'><strong>interdum</strong></span> <span class='ocrx_word' id='word_1_211' title='bbox 715 2323 815 2376; x_wconf 88' lang='lat' dir='ltr'><strong>est</strong></span> <span class='ocrx_word' id='word_1_212' title='bbox 856 2315 1055 2375; x_wconf 82' lang='lat' dir='ltr'><strong>eximi</strong></span> <span class='ocrx_word' id='word_1_213' title='bbox 1098 2314 1377 2376; x_wconf 84' lang='lat' dir='ltr'><strong>miseriis</strong></span> <span class='ocrx_word' id='word_1_214' title='bbox 1415 2313 1771 2375; x_wconf 83' lang='lat' dir='ltr'><strong>Unanimes</strong></span> <span class='ocrx_word' id='word_1_215' title='bbox 1857 2274 2267 2376; x_wconf 86' lang='lat' dir='ltr'><strong>Christianos</strong></span> <span class='ocrx_word' id='word_1_216' title='bbox 2352 2338 2495 2378; x_wconf 85' lang='lat' dir='ltr'><strong>esse</strong></span> 
     </span>
     <span class='ocr_line' id='line_1_30' title="bbox 342 2398 2247 2476; baseline -0.002 -14"><span class='ocrx_word' id='word_1_217' title='bbox 342 2409 410 2462; x_wconf 88' lang='lat' dir='ltr'><strong>et</strong></span> <span class='ocrx_word' id='word_1_218' title='bbox 451 2401 736 2462; x_wconf 84' lang='lat' dir='ltr'><strong>feliciter</strong></span> <span class='ocrx_word' id='word_1_219' title='bbox 775 2399 1048 2476; x_wconf 76' lang='lat' dir='ltr'><strong>vivere,</strong></span> <span class='ocrx_word' id='word_1_220' title='bbox 1092 2399 1294 2460; x_wconf 58' lang='lat' dir='ltr'><strong>Rom:</strong></span> <span class='ocrx_word' id='word_1_221' title='bbox 1322 2419 1374 2458; x_wconf 74' lang='grc' dir='ltr'><strong>ιε</strong></span> <span class='ocrx_word' id='word_1_222' title='bbox 1454 2398 1733 2473; x_wconf 86' lang='lat' dir='ltr'><strong>debere,</strong></span> <span class='ocrx_word' id='word_1_223' title='bbox 1787 2416 1812 2457; x_wconf 87' lang='lat'>1</span> <span class='ocrx_word' id='word_1_224' title='bbox 1863 2400 2036 2458; x_wconf 86' lang='lat' dir='ltr'><strong>Petr.</strong></span> <span class='ocrx_word' id='word_1_225' title='bbox 2079 2402 2136 2461; x_wconf 96' lang='grc'><strong>3.</strong></span> <span class='ocrx_word' id='word_1_226' title='bbox 2184 2402 2247 2458; x_wconf 90' lang='grc'><strong>8.</strong></span> 
     </span>
    </p>
   </div>
   <div class='ocr_carea' id='block_1_7' title="bbox 1375 2186 1408 3965">
    <p class='ocr_par' dir='ltr' id='par_1_7' title="bbox 1375 2186 1408 3965">
     <span class='ocr_line' id='line_1_31' title="bbox 1375 2186 1408 3965; baseline 0 0"><span class='ocrx_word' id='word_1_227' title='bbox 1375 2186 1408 3965; x_wconf 95' lang='lat' dir='ltr'><strong> </strong></span> 
     </span>
    </p>
   </div>
   <div class='ocr_carea' id='block_1_8' title="bbox 237 2480 2496 3830">
    <p class='ocr_par' dir='ltr' id='par_1_8' title="bbox 342 2480 2487 2650">
     <span class='ocr_line' id='line_1_32' title="bbox 346 2480 2487 2565; baseline -0.001 -18.963"><span class='ocrx_word' id='word_1_228' title='bbox 346 2505 465 2565; x_wconf 89' lang='grc' dir='ltr'><strong>ι,7</strong></span> <span class='ocrx_word' id='word_1_229' title='bbox 512 2485 653 2546; x_wconf 84' lang='lat' dir='ltr'><strong>Gal.</strong></span> <span class='ocrx_word' id='word_1_230' title='bbox 701 2489 759 2549; x_wconf 93' lang='grc'><strong>3.</strong></span> <span class='ocrx_word' id='word_1_231' title='bbox 817 2502 914 2545; x_wconf 88' lang='grc' dir='ltr'><strong>ι2.</strong></span> <span class='ocrx_word' id='word_1_232' title='bbox 977 2483 1215 2544; x_wconf 77' lang='lat' dir='ltr'><strong>Vivere</strong></span> <span class='ocrx_word' id='word_1_233' title='bbox 1265 2483 1374 2544; x_wconf 88' lang='lat' dir='ltr'><strong>diu</strong></span> <span class='ocrx_word' id='word_1_234' title='bbox 1415 2481 1609 2540; x_wconf 81' lang='lat' dir='ltr'><strong>Uncti</strong></span> <span class='ocrx_word' id='word_1_235' title='bbox 1637 2481 1898 2561; x_wconf 84' lang='lat' dir='ltr'><strong>quinam</strong></span> <span class='ocrx_word' id='word_1_236' title='bbox 1941 2481 2099 2540; x_wconf 86' lang='lat' dir='ltr'><strong>dicti</strong></span> <span class='ocrx_word' id='word_1_237' title='bbox 2135 2480 2448 2544; x_wconf 69' lang='lat' dir='ltr'><strong>Hebraeis</strong></span> <span class='ocrx_word' id='word_1_238' title='bbox 2464 2527 2487 2563; x_wconf 88' lang='lat'><strong>,</strong></span> 
     </span>
     <span class='ocr_line' id='line_1_33' title="bbox 342 2564 1941 2650; baseline -0.003 -21"><span class='ocrx_word' id='word_1_239' title='bbox 342 2580 458 2638; x_wconf 74' lang='lat' dir='ltr'><strong>aut</strong></span> <span class='ocrx_word' id='word_1_240' title='bbox 510 2590 716 2650; x_wconf 81' lang='lat' dir='ltr'><strong>parvo</strong></span> <span class='ocrx_word' id='word_1_241' title='bbox 761 2589 949 2647; x_wconf 85' lang='lat' dir='ltr'><strong>quam</strong></span> <span class='ocrx_word' id='word_1_242' title='bbox 999 2587 1224 2647; x_wconf 84' lang='lat' dir='ltr'><strong>parum</strong></span> <span class='ocrx_word' id='word_1_243' title='bbox 1273 2587 1370 2625; x_wconf 85' lang='lat' dir='ltr'><strong>re·</strong></span> <span class='ocrx_word' id='word_1_244' title='bbox 1454 2564 1686 2624; x_wconf 78' lang='lat' dir='ltr'><strong>Matth.</strong></span> <span class='ocrx_word' id='word_1_245' title='bbox 1739 2584 1791 2625; x_wconf 91' lang='lat'><strong>1:</strong></span> <span class='ocrx_word' id='word_1_246' title='bbox 1842 2566 1941 2625; x_wconf 82' lang='lat'><strong>16.</strong></span> 
     </span>
    </p>

    <p class='ocr_par' dir='ltr' id='par_1_9' title="bbox 237 2647 2496 3827">
     <span class='ocr_line' id='line_1_34' title="bbox 338 2647 2496 2732; baseline -0.002 -18"><span class='ocrx_word' id='word_1_247' title='bbox 338 2654 633 2727; x_wconf 77' lang='lat' dir='ltr'><strong>ferat,1</strong></span> <span class='ocrx_word' id='word_1_248' title='bbox 690 2651 923 2711; x_wconf 82' lang='lat' dir='ltr'><strong>Thess.</strong></span> <span class='ocrx_word' id='word_1_249' title='bbox 967 2653 1028 2710; x_wconf 88' lang='grc'><strong>5.</strong></span> <span class='ocrx_word' id='word_1_250' title='bbox 1087 2668 1183 2708; x_wconf 89' lang='grc' dir='ltr'><strong>ιο.</strong></span> <span class='ocrx_word' id='word_1_251' title='bbox 1258 2649 1368 2707; x_wconf 86' lang='lat' dir='ltr'><strong>vi·</strong></span> <span class='ocrx_word' id='word_1_252' title='bbox 1413 2649 1650 2708; x_wconf 88' lang='lat' dir='ltr'><strong>Unctio</strong></span> <span class='ocrx_word' id='word_1_253' title='bbox 1716 2649 1950 2729; x_wconf 86' lang='lat' dir='ltr'><strong>capitis</strong></span> <span class='ocrx_word' id='word_1_254' title='bbox 2018 2647 2293 2711; x_wconf 82' lang='lat' dir='ltr'><strong>honoris</strong></span> <span class='ocrx_word' id='word_1_255' title='bbox 2362 2650 2496 2732; x_wconf 80' lang='lat' dir='ltr'><strong>sig-</strong></span> 
     </span>
     <span class='ocr_line' id='line_1_35' title="bbox 338 2732 2490 2813; baseline 0 -18"><span class='ocrx_word' id='word_1_256' title='bbox 338 2757 498 2813; x_wconf 58' lang='lat' dir='ltr'><strong>*zen-e</strong></span> <span class='ocrx_word' id='word_1_257' title='bbox 557 2737 743 2809; x_wconf 89' lang='lat' dir='ltr'><strong>Deo,</strong></span> <span class='ocrx_word' id='word_1_258' title='bbox 809 2753 972 2793; x_wconf 83' lang='lat' dir='ltr'><strong>vera</strong></span> <span class='ocrx_word' id='word_1_259' title='bbox 1032 2740 1132 2791; x_wconf 89' lang='lat' dir='ltr'><strong>est</strong></span> <span class='ocrx_word' id='word_1_260' title='bbox 1185 2733 1371 2808; x_wconf 80' lang='lat' dir='ltr'><strong>vita,</strong></span> <span class='ocrx_word' id='word_1_261' title='bbox 1449 2753 1601 2792; x_wconf 84' lang='lat' dir='ltr'><strong>num</strong></span> <span class='ocrx_word' id='word_1_262' title='bbox 1628 2732 1800 2813; x_wconf 85' lang='lat' dir='ltr'><strong>apud</strong></span> <span class='ocrx_word' id='word_1_263' title='bbox 1837 2732 2213 2811; x_wconf 79' lang='lat' dir='ltr'><strong>Hebraeos,</strong></span> <span class='ocrx_word' id='word_1_264' title='bbox 2254 2735 2490 2805; x_wconf 74' lang='lat' dir='ltr'><strong>Matth-</strong></span> 
     </span>
     <span class='ocr_line' id='line_1_36' title="bbox 323 2816 2484 2897; baseline 0 -18"><span class='ocrx_word' id='word_1_265' title='bbox 323 2819 487 2880; x_wconf 62' lang='grc' dir='ltr'><strong>βοὶ.</strong></span> <span class='ocrx_word' id='word_1_266' title='bbox 550 2837 606 2879; x_wconf 79' lang='lat'><strong>2:</strong></span> <span class='ocrx_word' id='word_1_267' title='bbox 686 2821 806 2892; x_wconf 82' lang='lat'><strong>13,</strong></span> <span class='ocrx_word' id='word_1_268' title='bbox 879 2837 905 2877; x_wconf 86' lang='lat'><strong>1</strong></span> <span class='ocrx_word' id='word_1_269' title='bbox 955 2816 1128 2879; x_wconf 83' lang='lat' dir='ltr'><strong>Tim.</strong></span> <span class='ocrx_word' id='word_1_270' title='bbox 1187 2819 1248 2878; x_wconf 84' lang='lat'><strong>5:</strong></span> <span class='ocrx_word' id='word_1_271' title='bbox 1314 2818 1374 2876; x_wconf 91' lang='grc'><strong>6.</strong></span> <span class='ocrx_word' id='word_1_272' title='bbox 1453 2816 1551 2877; x_wconf 81' lang='lat'><strong>26:</strong></span> <span class='ocrx_word' id='word_1_273' title='bbox 1601 2837 1679 2895; x_wconf 88' lang='lat'><strong>7,</strong></span> <span class='ocrx_word' id='word_1_274' title='bbox 1741 2817 1898 2878; x_wconf 84' lang='lat' dir='ltr'><strong>Luc.</strong></span> <span class='ocrx_word' id='word_1_275' title='bbox 1943 2836 2002 2897; x_wconf 87' lang='lat'><strong>7.</strong></span> <span class='ocrx_word' id='word_1_276' title='bbox 2053 2820 2157 2880; x_wconf 90' lang='grc'><strong>38.</strong></span> <span class='ocrx_word' id='word_1_277' title='bbox 2244 2818 2484 2880; x_wconf 89' lang='lat' dir='ltr'><strong>Unctio</strong></span> 
     </span>
     <span class='ocr_line' id='line_1_37' title="bbox 336 2900 2485 2982; baseline 0.001 -22"><span class='ocrx_word' id='word_1_278' title='bbox 336 2901 625 2964; x_wconf 74' lang='lat' dir='ltr'><strong>vivendi</strong></span> <span class='ocrx_word' id='word_1_279' title='bbox 704 2910 885 2963; x_wconf 84' lang='lat' dir='ltr'><strong>actus</strong></span> <span class='ocrx_word' id='word_1_280' title='bbox 915 2927 920 2938; x_wconf 54' lang='grc'><strong>»</strong></span> <span class='ocrx_word' id='word_1_281' title='bbox 951 2901 1026 2961; x_wconf 90' lang='lat' dir='ltr'><strong>in</strong></span> <span class='ocrx_word' id='word_1_282' title='bbox 1110 2900 1372 2961; x_wconf 84' lang='lat' dir='ltr'><strong>Christo</strong></span> <span class='ocrx_word' id='word_1_283' title='bbox 1451 2900 1644 2980; x_wconf 80' lang='lat' dir='ltr'><strong>Regis</strong></span> <span class='ocrx_word' id='word_1_284' title='bbox 1713 2901 1797 2962; x_wconf 89' lang='lat' dir='ltr'><strong>ad</strong></span> <span class='ocrx_word' id='word_1_285' title='bbox 1861 2922 2019 2982; x_wconf 85' lang='lat' dir='ltr'><strong>quos</strong></span> <span class='ocrx_word' id='word_1_286' title='bbox 2084 2904 2485 2981; x_wconf 83' lang='lat' dir='ltr'><strong>pertineret,</strong></span> 
     </span>
     <span class='ocr_line' id='line_1_38' title="bbox 325 2984 2490 3067; baseline 0.001 -23"><span class='ocrx_word' id='word_1_287' title='bbox 325 2988 513 3064; x_wconf 68' lang='lat' dir='ltr'><strong>fuit,</strong></span> <span class='ocrx_word' id='word_1_288' title='bbox 575 2987 650 3046; x_wconf 91' lang='lat' dir='ltr'><strong>in</strong></span> <span class='ocrx_word' id='word_1_289' title='bbox 711 2986 962 3048; x_wconf 86' lang='lat' dir='ltr'><strong>Adamo</strong></span> <span class='ocrx_word' id='word_1_290' title='bbox 1021 3006 1183 3046; x_wconf 83' lang='lat' dir='ltr'><strong>vero</strong></span> <span class='ocrx_word' id='word_1_291' title='bbox 1227 2985 1366 3046; x_wconf 88' lang='lat' dir='ltr'><strong>ido·</strong></span> <span class='ocrx_word' id='word_1_292' title='bbox 1452 2986 1597 3045; x_wconf 86' lang='lat' dir='ltr'><strong>Act.</strong></span> <span class='ocrx_word' id='word_1_293' title='bbox 1641 2984 1702 3045; x_wconf 91' lang='grc'><strong>6.</strong></span> <span class='ocrx_word' id='word_1_294' title='bbox 1770 2985 2009 3045; x_wconf 87' lang='lat' dir='ltr'><strong>Unctio</strong></span> <span class='ocrx_word' id='word_1_295' title='bbox 2050 2987 2281 3067; x_wconf 79' lang='lat' dir='ltr'><strong>pedum</strong></span> <span class='ocrx_word' id='word_1_296' title='bbox 2321 2989 2490 3047; x_wconf 82' lang='lat' dir='ltr'><strong>mul-</strong></span> 
     </span>
     <span class='ocr_line' id='line_1_39' title="bbox 338 3068 2488 3174; baseline -0.001 -42"><span class='ocrx_word' id='word_1_297' title='bbox 338 3074 552 3132; x_wconf 85' lang='lat' dir='ltr'><strong>neitas</strong></span> <span class='ocrx_word' id='word_1_298' title='bbox 616 3071 928 3151; x_wconf 78' lang='lat' dir='ltr'><strong>quaedam</strong></span> <span class='ocrx_word' id='word_1_299' title='bbox 1000 3070 1084 3130; x_wconf 86' lang='lat' dir='ltr'><strong>ad</strong></span> <span class='ocrx_word' id='word_1_300' title='bbox 1139 3069 1365 3132; x_wconf 80' lang='lat' dir='ltr'><strong>viven-</strong></span> <span class='ocrx_word' id='word_1_301' title='bbox 1448 3068 1534 3129; x_wconf 87' lang='lat' dir='ltr'><strong>tis</strong></span> <span class='ocrx_word' id='word_1_302' title='bbox 1599 3070 1895 3174; x_wconf 79' lang='lat' dir='ltr'><strong>gentibus</strong></span> <span class='ocrx_word' id='word_1_303' title='bbox 1957 3070 2027 3129; x_wconf 87' lang='lat' dir='ltr'><strong>in</strong></span> <span class='ocrx_word' id='word_1_304' title='bbox 2092 3091 2258 3145; x_wconf 83' lang='lat' dir='ltr'><strong>usu,</strong></span> <span class='ocrx_word' id='word_1_305' title='bbox 2330 3073 2488 3132; x_wconf 89' lang='lat' dir='ltr'><strong>Luc.</strong></span> 
     </span>
     <span class='ocr_line' id='line_1_40' title="bbox 340 3116 2486 3232; baseline -0 -16"><span class='ocrx_word' id='word_1_306' title='bbox 340 3158 544 3232; x_wconf 87' lang='lat' dir='ltr'><strong>dum,</strong></span> <span class='ocrx_word' id='word_1_307' title='bbox 597 3176 621 3215; x_wconf 85' lang='lat'>1</span> <span class='ocrx_word' id='word_1_308' title='bbox 680 3156 831 3216; x_wconf 86' lang='lat' dir='ltr'><strong>Cor.</strong></span> <span class='ocrx_word' id='word_1_309' title='bbox 885 3157 979 3215; x_wconf 84' lang='lat'><strong>15:</strong></span> <span class='ocrx_word' id='word_1_310' title='bbox 1026 3157 1132 3225; x_wconf 85' lang='grc'><strong>45.</strong></span> <span class='ocrx_word' id='word_1_311' title='bbox 1450 3174 1507 3230; x_wconf 88' lang='lat'><strong>7.</strong></span> <span class='ocrx_word' id='word_1_312' title='bbox 1575 3157 1699 3215; x_wconf 89' lang='grc'><strong>38.</strong></span> <span class='ocrx_word' id='word_1_313' title='bbox 1715 3154 2009 3213; x_wconf 89' lang='lat' dir='ltr'><strong>·Unctio</strong></span> <span class='ocrx_word' id='word_1_314' title='bbox 2076 3116 2348 3214; x_wconf 80' lang='lat' dir='ltr'><strong>Christi</strong></span> <span class='ocrx_word' id='word_1_315' title='bbox 2411 3164 2486 3215; x_wconf 71' lang='lat' dir='ltr'><strong>nt</strong></span> 
     </span>
     <span class='ocr_line' id='line_1_41' title="bbox 289 3237 2484 3318; baseline -0.001 -17"><span class='ocrx_word' id='word_1_316' title='bbox 289 3242 456 3301; x_wconf 81' lang='lat' dir='ltr'><strong>‘Vivi</strong></span> <span class='ocrx_word' id='word_1_317' title='bbox 510 3238 828 3300; x_wconf 84' lang='lat' dir='ltr'><strong>comburii</strong></span> <span class='ocrx_word' id='word_1_318' title='bbox 876 3237 1258 3318; x_wconf 80' lang='lat' dir='ltr'><strong>suppliciam</strong></span> <span class='ocrx_word' id='word_1_319' title='bbox 1303 3238 1370 3298; x_wconf 91' lang='lat' dir='ltr'><strong>in</strong></span> <span class='ocrx_word' id='word_1_320' title='bbox 1449 3238 1725 3298; x_wconf 81' lang='lat' dir='ltr'><strong>Davidis</strong></span> <span class='ocrx_word' id='word_1_321' title='bbox 1768 3239 1933 3299; x_wconf 86' lang='lat' dir='ltr'><strong>suos</strong></span> <span class='ocrx_word' id='word_1_322' title='bbox 1947 3239 2184 3317; x_wconf 83' lang='lat' dir='ltr'><strong>gradus</strong></span> <span class='ocrx_word' id='word_1_323' title='bbox 2217 3238 2484 3317; x_wconf 85' lang='lat' dir='ltr'><strong>habuit,</strong></span> 
     </span>
     <span class='ocr_line' id='line_1_42' title="bbox 337 3323 2480 3404; baseline -0 -18"><span class='ocrx_word' id='word_1_324' title='bbox 337 3326 609 3386; x_wconf 87' lang='lat' dir='ltr'><strong>Oriente</strong></span> <span class='ocrx_word' id='word_1_325' title='bbox 685 3324 884 3386; x_wconf 76' lang='lat' dir='ltr'><strong>fuisse</strong></span> <span class='ocrx_word' id='word_1_326' title='bbox 954 3323 1303 3401; x_wconf 85' lang='lat' dir='ltr'><strong>usitatum,</strong></span> <span class='ocrx_word' id='word_1_327' title='bbox 1452 3323 1594 3381; x_wconf 86' lang='lat' dir='ltr'><strong>Act.</strong></span> <span class='ocrx_word' id='word_1_328' title='bbox 1637 3336 1700 3393; x_wconf 76' lang='lat'><strong>4:</strong></span> <span class='ocrx_word' id='word_1_329' title='bbox 1744 3342 1846 3400; x_wconf 87' lang='grc'><strong>27.</strong></span> <span class='ocrx_word' id='word_1_330' title='bbox 1916 3323 2155 3382; x_wconf 87' lang='lat' dir='ltr'><strong>Unctio</strong></span> <span class='ocrx_word' id='word_1_331' title='bbox 2197 3323 2480 3404; x_wconf 81' lang='lat' dir='ltr'><strong>Spiritus</strong></span> 
     </span>
     <span class='ocr_line' id='line_1_43' title="bbox 337 3406 2484 3488; baseline -0.001 -17"><span class='ocrx_word' id='word_1_332' title='bbox 337 3408 722 3471; x_wconf 62' lang='lat' dir='ltr'><strong>Moab-13:</strong></span> <span class='ocrx_word' id='word_1_333' title='bbox 772 3420 877 3478; x_wconf 86' lang='grc'><strong>42.</strong></span> <span class='ocrx_word' id='word_1_334' title='bbox 1449 3407 1677 3466; x_wconf 80' lang='lat' dir='ltr'><strong>Sancti</strong></span> <span class='ocrx_word' id='word_1_335' title='bbox 1736 3406 2006 3486; x_wconf 85' lang='lat' dir='ltr'><strong>mystice</strong></span> <span class='ocrx_word' id='word_1_336' title='bbox 2062 3407 2484 3488; x_wconf 84' lang='lat' dir='ltr'><strong>significaba-</strong></span> 
     </span>
     <span class='ocr_line' id='line_1_44' title="bbox 237 3488 1307 3618; baseline -0.003 -65"><span class='ocrx_word' id='word_1_337' title='bbox 237 3549 248 3561; x_wconf 65' lang='grc'>,</span> <span class='ocrx_word' id='word_1_338' title='bbox 295 3493 653 3555; x_wconf 80' lang='lat' dir='ltr'><strong>vivificare</strong></span> <span class='ocrx_word' id='word_1_339' title='bbox 718 3490 875 3618; x_wconf 85' lang='lat' dir='ltr'><strong>quid</strong></span> <span class='ocrx_word' id='word_1_340' title='bbox 935 3488 1307 3571; x_wconf 81' lang='lat' dir='ltr'><strong>significet,</strong></span> 
     </span>
     <span class='ocr_line' id='line_1_45' title="bbox 340 3578 783 3650; baseline -0.002 -13"><span class='ocrx_word' id='word_1_341' title='bbox 340 3578 525 3637; x_wconf 82' lang='lat' dir='ltr'><strong>Rom·</strong></span> <span class='ocrx_word' id='word_1_342' title='bbox 569 3590 629 3648; x_wconf 94' lang='grc'><strong>4.</strong></span> <span class='ocrx_word' id='word_1_343' title='bbox 687 3595 783 3650; x_wconf 90' lang='grc' dir='ltr'><strong>ι7.</strong></span> 
     </span>
     <span class='ocr_line' id='line_1_46' title="bbox 297 3611 1370 3742; baseline -0.005 -19"><span class='ocrx_word' id='word_1_344' title='bbox 297 3663 542 3742; x_wconf 72' lang='lat' dir='ltr'><strong>Ulcera</strong></span> <span class='ocrx_word' id='word_1_345' title='bbox 566 3611 1043 3721; x_wconf 84' lang='lat' dir='ltr'><strong>contralmntur</strong></span> <span class='ocrx_word' id='word_1_346' title='bbox 1067 3621 1370 3719; x_wconf 79' lang='lat' dir='ltr'><strong>sordibus</strong></span> 
     </span>
     <span class='ocr_line' id='line_1_47' title="bbox 340 3743 1330 3830; baseline -0.001 -25"><span class='ocrx_word' id='word_1_347' title='bbox 340 3758 530 3827; x_wconf 84' lang='lat' dir='ltr'><strong>atque</strong></span> <span class='ocrx_word' id='word_1_348' title='bbox 571 3746 846 3830; x_wconf 85' lang='lat' dir='ltr'><strong>illuvie,</strong></span> <span class='ocrx_word' id='word_1_349' title='bbox 895 3743 1055 3804; x_wconf 87' lang='lat' dir='ltr'><strong>Luc.</strong></span> <span class='ocrx_word' id='word_1_350' title='bbox 1092 3744 1186 3805; x_wconf 88' lang='lat'><strong>16:</strong></span> <span class='ocrx_word' id='word_1_351' title='bbox 1229 3762 1330 3804; x_wconf 91' lang='grc' dir='ltr'><strong>2ο.</strong></span> 
     </span>
    </p>
   </div>
   <div class='ocr_carea' id='block_1_9' title="bbox 221 3574 2559 4417">
    <p class='ocr_par' dir='ltr' id='par_1_10' title="bbox 291 3574 2559 4059">
     <span class='ocr_line' id='line_1_48' title="bbox 1447 3574 2483 3657; baseline 0.004 -24"><span class='ocrx_word' id='word_1_352' title='bbox 1447 3576 1601 3634; x_wconf 89' lang='lat' dir='ltr'><strong>olim</strong></span> <span class='ocrx_word' id='word_1_353' title='bbox 1665 3574 2077 3654; x_wconf 78' lang='lat' dir='ltr'><strong>accipiebant</strong></span> <span class='ocrx_word' id='word_1_354' title='bbox 2152 3575 2355 3657; x_wconf 85' lang='lat' dir='ltr'><strong>Reges</strong></span> <span class='ocrx_word' id='word_1_355' title='bbox 2416 3584 2483 3637; x_wconf 88' lang='lat' dir='ltr'><strong>et</strong></span> 
     </span>
     <span class='ocr_line' id='line_1_49' title="bbox 1448 3660 2559 3735; baseline 0.003 -16"><span class='ocrx_word' id='word_1_356' title='bbox 1448 3660 1880 3735; x_wconf 71' lang='lat' dir='ltr'><strong>Sacerdotes,</strong></span> <span class='ocrx_word' id='word_1_357' title='bbox 1950 3678 1988 3719; x_wconf 91' lang='grc'><strong>2</strong></span> <span class='ocrx_word' id='word_1_358' title='bbox 2043 3660 2195 3719; x_wconf 85' lang='lat' dir='ltr'><strong>Cor.</strong></span> <span class='ocrx_word' id='word_1_359' title='bbox 2259 3682 2312 3722; x_wconf 73' lang='grc' dir='ltr'><strong>ιι</strong></span> <span class='ocrx_word' id='word_1_360' title='bbox 2380 3680 2482 3722; x_wconf 91' lang='grc' dir='ltr'><strong>2ι.</strong></span> <span class='ocrx_word' id='word_1_361' title='bbox 2555 3702 2559 3705; x_wconf 56' lang='lat'><strong>&gt;</strong></span> 
     </span>
     <span class='ocr_line' id='line_1_50' title="bbox 1449 3743 2490 3806; baseline 0.003 -4"><span class='ocrx_word' id='word_1_362' title='bbox 1449 3743 1806 3804; x_wconf 83' lang='lat' dir='ltr'><strong>Unctiones</strong></span> <span class='ocrx_word' id='word_1_363' title='bbox 1860 3744 2194 3804; x_wconf 79' lang='lat' dir='ltr'><strong>veteribus</strong></span> <span class='ocrx_word' id='word_1_364' title='bbox 2257 3744 2490 3806; x_wconf 87' lang='lat' dir='ltr'><strong>Chris-</strong></span> 
     </span>
     <span class='ocr_line' id='line_1_51' title="bbox 291 3828 2480 3916; baseline -0 -25"><span class='ocrx_word' id='word_1_365' title='bbox 291 3831 545 3916; x_wconf 75' lang='lat' dir='ltr'><strong>Ulcisci</strong></span> <span class='ocrx_word' id='word_1_366' title='bbox 591 3852 659 3891; x_wconf 89' lang='lat' dir='ltr'><strong>se</strong></span> <span class='ocrx_word' id='word_1_367' title='bbox 707 3848 1043 3890; x_wconf 81' lang='lat' dir='ltr'><strong>servornm</strong></span> <span class='ocrx_word' id='word_1_368' title='bbox 1063 3837 1368 3902; x_wconf 88' lang='lat' dir='ltr'><strong>nonest,</strong></span> <span class='ocrx_word' id='word_1_369' title='bbox 1445 3828 1643 3888; x_wconf 85' lang='lat' dir='ltr'><strong>tianis</strong></span> <span class='ocrx_word' id='word_1_370' title='bbox 1720 3828 1950 3908; x_wconf 77' lang='lat' dir='ltr'><strong>qdibus</strong></span> <span class='ocrx_word' id='word_1_371' title='bbox 2018 3828 2090 3888; x_wconf 90' lang='lat' dir='ltr'><strong>in</strong></span> <span class='ocrx_word' id='word_1_372' title='bbox 2156 3831 2349 3890; x_wconf 86' lang='lat' dir='ltr'><strong>rebus</strong></span> <span class='ocrx_word' id='word_1_373' title='bbox 2413 3837 2480 3890; x_wconf 83' lang='lat' dir='ltr'><strong>et</strong></span> 
     </span>
     <span class='ocr_line' id='line_1_52' title="bbox 343 3911 2475 3996; baseline -0.002 -20"><span class='ocrx_word' id='word_1_374' title='bbox 343 3937 370 3976; x_wconf 87' lang='lat'>1</span> <span class='ocrx_word' id='word_1_375' title='bbox 420 3914 649 3976; x_wconf 84' lang='lat' dir='ltr'><strong>Thess.</strong></span> <span class='ocrx_word' id='word_1_376' title='bbox 710 3917 926 3975; x_wconf 82' lang='lat'><strong>5:15.</strong></span> <span class='ocrx_word' id='word_1_377' title='bbox 1011 3913 1259 3973; x_wconf 82' lang='lat' dir='ltr'><strong>Ulcisci</strong></span> <span class='ocrx_word' id='word_1_378' title='bbox 1304 3923 1369 3973; x_wconf 89' lang='lat' dir='ltr'><strong>et</strong></span> <span class='ocrx_word' id='word_1_379' title='bbox 1444 3933 1628 3993; x_wconf 86' lang='lat' dir='ltr'><strong>quem</strong></span> <span class='ocrx_word' id='word_1_380' title='bbox 1684 3911 1757 3971; x_wconf 91' lang='lat' dir='ltr'><strong>in</strong></span> <span class='ocrx_word' id='word_1_381' title='bbox 1826 3914 2023 3973; x_wconf 88' lang='lat' dir='ltr'><strong>finem</strong></span> <span class='ocrx_word' id='word_1_382' title='bbox 2048 3924 2475 3996; x_wconf 77' lang='lat' dir='ltr'><strong>usurpatae,</strong></span> 
     </span>
     <span class='ocr_line' id='line_1_53' title="bbox 333 3996 1903 4059; baseline 0 -1"><span class='ocrx_word' id='word_1_383' title='bbox 333 4000 640 4059; x_wconf 84' lang='lat' dir='ltr'><strong>iniuriam</strong></span> <span class='ocrx_word' id='word_1_384' title='bbox 696 4001 837 4057; x_wconf 63' lang='lat' dir='ltr'><strong>cuin</strong></span> <span class='ocrx_word' id='word_1_385' title='bbox 884 4018 1058 4057; x_wconf 82' lang='lat' dir='ltr'><strong>noxa</strong></span> <span class='ocrx_word' id='word_1_386' title='bbox 1099 3998 1369 4057; x_wconf 83' lang='lat' dir='ltr'><strong>alterius</strong></span> <span class='ocrx_word' id='word_1_387' title='bbox 1451 4000 1648 4058; x_wconf 74' lang='lat' dir='ltr'><strong>Marc.</strong></span> <span class='ocrx_word' id='word_1_388' title='bbox 1694 3996 1753 4058; x_wconf 90' lang='lat'><strong>6:</strong></span> <span class='ocrx_word' id='word_1_389' title='bbox 1804 4000 1903 4059; x_wconf 92' lang='grc' dir='ltr'><strong>ι3.</strong></span> 
     </span>
    </p>

    <p class='ocr_par' dir='ltr' id='par_1_11' title="bbox 221 4079 2476 4331">
     <span class='ocr_line' id='line_1_54' title="bbox 335 4079 2476 4181; baseline 0 -40"><span class='ocrx_word' id='word_1_390' title='bbox 335 4084 718 4181; x_wconf 71' lang='lat' dir='ltr'><strong>propulsare</strong></span> <span class='ocrx_word' id='word_1_391' title='bbox 745 4082 1068 4143; x_wconf 82' lang='lat' dir='ltr'><strong>Platonici</strong></span> <span class='ocrx_word' id='word_1_392' title='bbox 1092 4091 1160 4142; x_wconf 86' lang='lat' dir='ltr'><strong>et</strong></span> <span class='ocrx_word' id='word_1_393' title='bbox 1198 4082 1366 4142; x_wconf 82' lang='lat' dir='ltr'><strong>Stoi·</strong></span> <span class='ocrx_word' id='word_1_394' title='bbox 1409 4082 1682 4141; x_wconf 87' lang='lat' dir='ltr'><strong>Unctum</strong></span> <span class='ocrx_word' id='word_1_395' title='bbox 1725 4081 1927 4141; x_wconf 82' lang='lat' dir='ltr'><strong>fuisse</strong></span> <span class='ocrx_word' id='word_1_396' title='bbox 1982 4079 2476 4153; x_wconf 62' lang='lat' dir='ltr'><strong>tabernaculum</strong></span> 
     </span>
     <span class='ocr_line' id='line_1_55' title="bbox 221 4159 2473 4248; baseline 0 -22"><span class='ocrx_word' id='word_1_397' title='bbox 221 4159 229 4168; x_wconf 60' lang='lat'><em>⁶</em></span> <span class='ocrx_word' id='word_1_398' title='bbox 337 4168 396 4226; x_wconf 89' lang='lat' dir='ltr'><strong>ci</strong></span> <span class='ocrx_word' id='word_1_399' title='bbox 446 4168 726 4248; x_wconf 83' lang='lat' dir='ltr'><strong>sapienti</strong></span> <span class='ocrx_word' id='word_1_400' title='bbox 770 4189 885 4228; x_wconf 83' lang='lat' dir='ltr'><strong>suo</strong></span> <span class='ocrx_word' id='word_1_401' title='bbox 931 4188 1064 4226; x_wconf 89' lang='lat' dir='ltr'><strong>non</strong></span> <span class='ocrx_word' id='word_1_402' title='bbox 1108 4166 1413 4244; x_wconf 75' lang='lat' dir='ltr'><strong>permit·</strong></span> <span class='ocrx_word' id='word_1_403' title='bbox 1447 4187 1587 4225; x_wconf 82' lang='lat' dir='ltr'><strong>cum</strong></span> <span class='ocrx_word' id='word_1_404' title='bbox 1634 4166 1810 4226; x_wconf 79' lang='lat' dir='ltr'><strong>vasis</strong></span> <span class='ocrx_word' id='word_1_405' title='bbox 1847 4187 1924 4226; x_wconf 90' lang='lat' dir='ltr'><strong>eo</strong></span> <span class='ocrx_word' id='word_1_406' title='bbox 1959 4166 2473 4247; x_wconf 84' lang='lat' dir='ltr'><strong>pertinentibus,</strong></span> 
     </span>
     <span class='ocr_line' id='line_1_56' title="bbox 335 4249 1898 4331; baseline 0 -20"><span class='ocrx_word' id='word_1_407' title='bbox 335 4261 529 4325; x_wconf 81' lang='lat' dir='ltr'><strong>tunt,</strong></span> <span class='ocrx_word' id='word_1_408' title='bbox 595 4253 827 4312; x_wconf 81' lang='lat' dir='ltr'><strong>Cicero</strong></span> <span class='ocrx_word' id='word_1_409' title='bbox 872 4262 939 4312; x_wconf 90' lang='lat' dir='ltr'><strong>et</strong></span> <span class='ocrx_word' id='word_1_410' title='bbox 988 4252 1367 4312; x_wconf 80' lang='lat' dir='ltr'><strong>Aristoteles</strong></span> <span class='ocrx_word' id='word_1_411' title='bbox 1448 4249 1646 4311; x_wconf 87' lang='lat' dir='ltr'><strong>Hebr.</strong></span> <span class='ocrx_word' id='word_1_412' title='bbox 1690 4273 1748 4331; x_wconf 88' lang='lat'><strong>9:</strong></span> <span class='ocrx_word' id='word_1_413' title='bbox 1796 4269 1898 4311; x_wconf 78' lang='grc' dir='ltr'><strong>2ι·.</strong></span> 
     </span>
    </p>

    <p class='ocr_par' dir='ltr' id='par_1_12' title="bbox 336 4317 2482 4417">
     <span class='ocr_line' id='line_1_57' title="bbox 336 4317 2482 4417; baseline -0.002 -20"><span class='ocrx_word' id='word_1_414' title='bbox 336 4338 408 4397; x_wconf 85' lang='lat' dir='ltr'><strong>in</strong></span> <span class='ocrx_word' id='word_1_415' title='bbox 479 4347 659 4417; x_wconf 87' lang='lat' dir='ltr'><strong>parte</strong></span> <span class='ocrx_word' id='word_1_416' title='bbox 740 4337 1005 4398; x_wconf 82' lang='lat' dir='ltr'><strong>virtutis</strong></span> <span class='ocrx_word' id='word_1_417' title='bbox 1076 4345 1368 4415; x_wconf 86' lang='lat' dir='ltr'><strong>ponunt,-</strong></span> <span class='ocrx_word' id='word_1_418' title='bbox 1412 4335 1591 4396; x_wconf 87' lang='lat' dir='ltr'><strong>Unde</strong></span> <span class='ocrx_word' id='word_1_419' title='bbox 1663 4334 1919 4396; x_wconf 77' lang='lat' dir='ltr'><strong>Latinis</strong></span> <span class='ocrx_word' id='word_1_420' title='bbox 1980 4317 2309 4393; x_wconf 82' lang='lat' dir='ltr'><strong>interdum</strong></span> <span class='ocrx_word' id='word_1_421' title='bbox 2379 4342 2482 4393; x_wconf 87' lang='lat' dir='ltr'><strong>est</strong></span> 
     </span>
    </p>
   </div>
   <div class='ocr_carea' id='block_1_10' title="bbox 253 4418 2486 4565">
    <p class='ocr_par' dir='ltr' id='par_1_13' title="bbox 253 4418 2486 4565">
     <span class='ocr_line' id='line_1_58' title="bbox 340 4418 2485 4530; baseline -0.004 -44"><span class='ocrx_word' id='word_1_422' title='bbox 340 4422 573 4486; x_wconf 82' lang='lat' dir='ltr'><strong>Matth.</strong></span> <span class='ocrx_word' id='word_1_423' title='bbox 614 4425 677 4486; x_wconf 81' lang='lat'><strong>5:</strong></span> <span class='ocrx_word' id='word_1_424' title='bbox 726 4427 847 4504; x_wconf 83' lang='grc'><strong>39,</strong></span> <span class='ocrx_word' id='word_1_425' title='bbox 897 4420 1080 4483; x_wconf 82' lang='lat' dir='ltr'><strong>Rom.</strong></span> <span class='ocrx_word' id='word_1_426' title='bbox 1132 4439 1186 4483; x_wconf 84' lang='lat'><strong>1:</strong></span> <span class='ocrx_word' id='word_1_427' title='bbox 1229 4423 1334 4485; x_wconf 87' lang='grc'><strong>32.</strong></span> <span class='ocrx_word' id='word_1_428' title='bbox 1442 4421 1779 4530; x_wconf 84' lang='lat' dir='ltr'><strong>optantis,</strong></span> <span class='ocrx_word' id='word_1_429' title='bbox 1828 4439 1867 4482; x_wconf 92' lang='grc'><strong>2</strong></span> <span class='ocrx_word' id='word_1_430' title='bbox 1913 4418 2064 4481; x_wconf 78' lang='grc' dir='ltr'><strong>0οτ.</strong></span> <span class='ocrx_word' id='word_1_431' title='bbox 2118 4437 2215 4481; x_wconf 69' lang='grc' dir='ltr'><strong>ιιι</strong></span> <span class='ocrx_word' id='word_1_432' title='bbox 2249 4439 2304 4481; x_wconf 90' lang='grc' dir='ltr'><strong>ι.</strong></span> <span class='ocrx_word' id='word_1_433' title='bbox 2357 4418 2485 4479; x_wconf 86' lang='lat' dir='ltr'><strong>Su-</strong></span> 
     </span>
     <span class='ocr_line' id='line_1_59' title="bbox 253 4502 2486 4565; baseline -0.004 6"><span class='ocrx_word' id='word_1_434' title='bbox 253 4518 269 4528; x_wconf 81' lang='lat'><strong>&#39;</strong></span> <span class='ocrx_word' id='word_1_435' title='bbox 2363 4502 2486 4565; x_wconf 83' lang='lat' dir='ltr'><strong>mi-</strong></span> 
     </span>
    </p>
   </div>
   <div class='ocr_carea' id='block_1_11' title="bbox 1463 799 2613 881">
    <p class='ocr_par' dir='ltr' id='par_1_14' title="bbox 1463 799 2613 881">
     <span class='ocr_line' id='line_1_60' title="bbox 1463 799 2613 881; baseline 0.006 -24"><span class='ocrx_word' id='word_1_436' title='bbox 1463 799 1799 881; x_wconf 79' lang='lat' dir='ltr'><strong>gistratum</strong></span> <span class='ocrx_word' id='word_1_437' title='bbox 1851 812 2234 879; x_wconf 82' lang='lat' dir='ltr'><strong>exercetnr,</strong></span> <span class='ocrx_word' id='word_1_438' title='bbox 2272 804 2506 867; x_wconf 61' lang='lat' dir='ltr'><strong>Matth.</strong></span> <span class='ocrx_word' id='word_1_439' title='bbox 2586 844 2613 864; x_wconf 86' lang='grc'><strong>.</strong></span> 
     </span>
    </p>
   </div>
   <div class='ocr_carea' id='block_1_12' title="bbox 1463 1724 2619 1811">
    <p class='ocr_par' dir='ltr' id='par_1_15' title="bbox 1463 1724 2619 1811">
     <span class='ocr_line' id='line_1_61' title="bbox 1463 1724 2619 1811; baseline 0.005 -26"><span class='ocrx_word' id='word_1_440' title='bbox 1463 1724 1706 1785; x_wconf 80' lang='lat' dir='ltr'><strong>Umbra</strong></span> <span class='ocrx_word' id='word_1_441' title='bbox 1743 1727 2026 1804; x_wconf 83' lang='lat' dir='ltr'><strong>alarum,</strong></span> <span class='ocrx_word' id='word_1_442' title='bbox 2070 1728 2496 1790; x_wconf 81' lang='lat' dir='ltr'><strong>Proverbiale</strong></span> <span class='ocrx_word' id='word_1_443' title='bbox 2610 1804 2619 1811; x_wconf 21' lang='grc' dir='ltr'>ἱ</span> 
     </span>
    </p>
   </div>
   <div class='ocr_carea' id='block_1_13' title="bbox 1365 3491 2613 3571">
    <p class='ocr_par' dir='ltr' id='par_1_16' title="bbox 1365 3491 2613 3571">
     <span class='ocr_line' id='line_1_62' title="bbox 1365 3491 2613 3571; baseline 0.002 -22"><span class='ocrx_word' id='word_1_444' title='bbox 1365 3515 1374 3520; x_wconf 55' lang='grc'><strong>·</strong></span> <span class='ocrx_word' id='word_1_445' title='bbox 1446 3501 1555 3550; x_wconf 87' lang='lat' dir='ltr'><strong>tur</strong></span> <span class='ocrx_word' id='word_1_446' title='bbox 1572 3491 2068 3571; x_wconf 72' lang='lat' dir='ltr'><strong>pez-unctionem</strong></span> <span class='ocrx_word' id='word_1_447' title='bbox 2094 3493 2274 3551; x_wconf 85' lang='lat' dir='ltr'><strong>illam</strong></span> <span class='ocrx_word' id='word_1_448' title='bbox 2293 3513 2480 3571; x_wconf 80' lang='lat' dir='ltr'><strong>quam</strong></span> <span class='ocrx_word' id='word_1_449' title='bbox 2602 3517 2613 3522; x_wconf 60' lang='grc'><strong>“</strong></span> 
     </span>
    </p>
   </div>
  </div>
 </body>
</html>
