2779 5085
175 358 180 361 ⁷
306 363 547 444 quibus
611 360 817 442 signis
882 361 1352 440 dignoscantur

205 678 225 690 ,
267 617 740 698 Prophetarum
771 635 908 674 vox
928 617 1126 675 etiam
1151 611 1345 670 Grae·

691 198 1084 262 RERUM
1168 220 1272 260 ει·
1357 202 2019 274 VERBOch.
2338 240 2459 304 197

1422 363 1683 443 phetiae
1718 370 1967 429 afflatus
1990 376 2317 453 quomodo
2344 380 2464 439 de·
2500 380 2517 409 “

1422 450 1625 508 scribi
1648 454 1898 530 solent,
1928 457 2083 516 Luc.
2110 480 2166 519 ιε
2194 466 2311 538 35,
2336 464 2454 541 66,

1421 554 1481 594 2;
1526 536 1632 593 25.
1716 535 1875 597 Eius
1924 542 2163 602 donum
2209 566 2248 603 a
2290 556 2459 607 tem-

1422 639 1576 697 pore
1606 620 1971 684 Malachiae
1998 637 2066 685 et
2091 627 2337 690 Esdrae
2370 633 2458 692 ad

1421 714 1713 783 tempora
1726 706 1975 768 Christi
1994 712 2169 771 inter
2187 714 2457 776 Iudaeos

1423 802 1797 849 cessaverat
1822 836 1843 866 ,
1912 794 2145 854 matth.
2210 819 2270 876 7:
2330 821 2408 879 ²9
2435 845 2458 876 ,

316 470 354 505 a
385 449 607 527 falsis,
643 445 877 507 naith.
905 466 959 506 1:
987 462 1104 520 22,
1141 464 1201 523 7:
1235 444 1343 517 16,

315 533 460 593 loh.
486 537 545 594 3:
574 553 649 611 27
673 577 696 607 ,
741 551 768 590 ι
800 531 956 589 Cor.
981 547 1078 588 12:
1106 533 1177 603 3,
1211 545 1310 586 ιο.

314 704 408 762 cis
453 704 528 760 in
570 722 727 776 usu,
773 700 912 760 Tit.
958 721 1012 759 1:
1062 716 1159 757 12.
1237 695 1345 755 In·

309 789 570 847 terdum
605 786 881 844 sumitur
913 806 1034 863 pro
1059 790 1196 840 tota
1219 779 1354 839 Ve-

308 874 470 931 teris
516 870 919 931 Testamenti
967 867 1346 944 Scriptura,

307 952 548 1018 Matth.
587 974 649 1014 2:
692 957 795 1015 23.
879 951 1347 1032 Prophetarum

307 1042 640 1121 proximus
664 1037 895 1117 gradus
919 1038 999 1096 ab
1015 1035 1348 1115 Apostolis

307 1126 382 1183 in
451 1125 747 1184 Ecclesia
816 1122 1238 1194 Christiana,
1314 1136 1340 1174 1

315 1211 471 1269 Cor.
538 1210 631 1268 in:
704 1224 820 1281 10,
885 1206 1052 1285 Eph.
1109 1220 1174 1275 4:
1250 1219 1347 1259 11.

311 1294 554 1355 Eorum
627 1293 794 1350 bene
858 1292 1342 1369 exploratorum

306 1380 506 1438 fiebat
589 1376 972 1452 matricula,
1067 1395 1098 1434 1
1195 1370 1344 1436 Cor.

311 1483 420 1531 ¹22
468 1478 566 1520 ιο.

263 1545 607 1626 Prophetis
621 1545 768 1603 aliis
791 1564 907 1603 cur
919 1546 1131 1605 mom
1154 1568 1343 1628 prae·

271 1632 556 1695 .feratur
576 1676 597 1706 ,
649 1650 673 1689 ι
724 1630 879 1688 Cor.
910 1635 1004 1692 13:
1041 1650 1134 1691 12.
1195 1630 1343 1690 Non
1420 1632 1676 1712 phetiae
1701 1636 1898 1693 etiam
1924 1648 2077 1695 sunt
2101 1643 2452 1719 miracula,

305 1717 634 1798 omnibus⁵
665 1713 972 1774 habenda
1035 1717 1195 1774 fides
1220 1760 1243 1791 ,
1304 1737 1344 1776 2
1417 1736 1457 1775 2
1481 1717 1716 1777 Thess.
1739 1739 1798 1779 2:
1825 1740 1888 1799 9.
1947 1720 2339 1803 Prophetiae
2373 1727 2454 1787 de

307 1802 482 1862 Petr.
524 1822 582 1860 2:
634 1819 689 1858 1.
772 1798 1123 1858 Veteribus
1165 1801 1339 1858 Doc·
1415 1805 1811 1882 temporibus
1858 1806 2176 1885 Hessiae,
2219 1811 2455 1875 Manh,

300 1895 480 1947 tores
514 1884 685 1944 Novi
718 1885 1120 1943 Testamenti
1152 1905 1340 1965 prae·
1414 1908 1476 1965 9:
1526 1906 1629 1946 20.

300 1971 606 2030 feruntur
626 2014 647 2044 ,
690 1988 730 2027 2
755 1969 928 2027 Tim.
953 1973 1012 2028 3:
1051 1989 1147 2046 ¹7·
1209 1969 1342 2027 Cur
1373 1971 1865 2050 Prophetiarum
1933 1976 2406 2054 complementa
2427 2025 2453 2055 ,

300 2077 440 2114 mos
487 2055 579 2113 eis
627 2055 831 2112 fuerit
877 2073 963 2112 ex
1008 2073 1340 2133 compara·
1414 2056 1651 2116 Matth.
1688 2060 1750 2117 5:
1794 2072 1911 2132 40,
1959 2062 2021 2138 92.
2067 2064 2180 2137 30,
2235 2082 2328 2124 lo:
2382 2084 2450 2140 1,

1419 959 1729 1036 frequens
1807 972 1951 1019 erat
2014 965 2087 1022 in
2155 965 2460 1027 Ecclesia

1425 1043 1849 1118 Christiana,
1936 1046 2125 1108 Rom.
2201 1070 2296 1110 12:
2368 1053 2456 1129 6,

1420 1147 1461 1186 2
1524 1127 1700 1186 Petr.
1764 1146 1817 1187 1:
1886 1145 1985 1200 14.
2068 1134 2457 1214 Prophetiae

1421 1213 1813 1289 posteriores
1836 1216 2053 1274 solent
2076 1240 2193 1296 per
2214 1222 2456 1297 gradus

1417 1297 1633 1374 eloqui
1673 1297 1949 1372 clarius,
1984 1303 2162 1378 quod
2195 1306 2453 1382 priores

1419 1380 1727 1441 dixerant
1809 1385 2169 1461 occultius,
2253 1390 2458 1467 Apoc-

1426 1483 1520 1540 17:
1577 1467 1675 1523 18.
1759 1467 1862 1525 Ab
1921 1467 2236 1531 Ecclesiis
2280 1474 2457 1533 mitti

1418 1549 1757 1625 solebant,
1806 1570 1833 1609 1
1866 1552 2019 1610 Cor.
2051 1570 2144 1626 14:
2174 1570 2237 1626 4.
2292 1558 2457 1625 Pm-

205 2160 213 2165 ·
297 2140 589 2198 tionibus
642 2138 901 2196 usitatis
945 2139 1131 2218 signa
1175 2139 1338 2197 visi·
1421 2159 1515 2200 ιιι
1559 2144 1641 2217 5,
1695 2145 1792 2202 13:
1840 2145 1961 2219 35,
2003 2147 2129 2222 55,
2184 2162 2280 2218 14:
2324 2151 2448 2225 25,

301 2224 467 2284 bilia
527 2244 778 2299 sumere
802 2269 826 2298 ,
890 2221 1035 2282 1011.
1103 2222 1162 2283 6:
1235 2227 1339 2285 53.
1421 2229 1514 2286 15:
1544 2245 1577 2304 7
1601 2271 1623 2302 ,
1650 2229 1723 2286 31
1746 2270 1767 2300 ,
1816 2226 1910 2309 ιβε
1941 2232 2014 2304 3,
2040 2249 2114 2288 21
2136 2273 2158 2304 ,
2209 2251 2305 2310 17:
2337 2254 2447 2309 11,

307 2310 439 2368 Cur
497 2308 594 2367 eis
657 2309 802 2367 visa
859 2308 933 2365 in
977 2308 1137 2386 ripis
1183 2308 1336 2365 olim
1413 2313 1561 2369 Act.
1603 2312 1662 2371 8:
1709 2331 1830 2386 27,
1896 2333 1958 2390 9:
2010 2331 2125 2388 11,
2187 2335 2281 2376 12:
2332 2338 2449 2396 11,

302 2393 705 2473 obtigerint,
788 2391 996 2470 Apoc.
1068 2411 1163 2452 12:
1242 2394 1340 2450 18.
1420 2399 1515 2456 13:
1562 2416 1682 2473 27,
1729 2415 1830 2456 21:
1876 2417 1955 2475 9,
2007 2397 2191 2458 Rom.
2228 2423 2288 2480 9:
2337 2422 2448 2481 12,

298 2477 654 2557 Prophetas
681 2476 1043 2536 Samaritae
1079 2476 1339 2536 reiicie-
1415 2499 1451 2538 2
1513 2480 1667 2538 Cor.
1725 2480 1785 2540 6:
1844 2499 1958 2558 10,
2026 2482 2170 2544 Gal.
2214 2499 2275 2556 4:
2325 2507 2401 2565 27
2427 2535 2453 2566 ,

298 2564 463 2624 bant
481 2609 501 2638 ,
527 2563 671 2623 1011.
691 2577 753 2633 4:
783 2582 885 2622 22.
953 2563 1339 2622 munuscula
1413 2564 1578 2645 Eph.
1599 2585 1655 2627 2:
1688 2584 1796 2640 12,
1820 2580 1917 2636 14.
1958 2566 2196 2628 Earum
2220 2593 2447 2631 sensus

273 2649 597 2727 accipere
656 2648 884 2706 solitos
908 2690 929 2722 ,
990 2667 1028 2706 a
1072 2647 1333 2725 quibus·
1409 2652 1701 2728 geminus
1724 2694 1742 2722 ,
1780 2650 2013 2736 nuth:
2044 2672 2098 2715 1:
2126 2674 2228 2716 22.
2283 2657 2461 2716 Sen-

302 2734 447 2793 dam
524 2733 746 2791 oblata
823 2752 1203 2807 recusasse,
1271 2740 1337 2791 et
1410 2755 1545 2793 sum
1588 2735 1669 2795 de
1704 2733 1967 2795 Christo
2009 2740 2089 2797 ab
2112 2739 2269 2818 ipsis
2296 2764 2459 2823 pro-A

302 2837 542 2897 quare,
588 2815 824 2878 Matth.
873 2835 967 2875 10:
1014 2819 1076 2875 8.
1412 2819 1613 2877 ditum·
1650 2842 1791 2878 non
1828 2820 2071 2896 fixisse,
2113 2824 2279 2884 ibid.
2360 2859 2365 2862 =

257 2901 656 2981 Prophetare
693 2901 999 2960 dicuntur
1033 2902 1142 2979 qui
1176 2900 1334 2959 Pro·
1367 2902 1747 2983 Prophetici
1808 2904 1963 2963 libri
2025 2907 2266 2969 docent
2326 2931 2447 2968 nos

267 2986 636 3068 ‘phetarum
673 3005 853 3044 more
877 2986 1184 3045 mandata
1207 2985 1332 3044 Dei
1408 3008 1545 3045 non
1610 2988 1831 3045 omnia
1889 3001 2063 3065 quae·
2104 2992 2402 3052 Christus
2425 3039 2445 3068 ,

210 3063 219 3068 ’
300 3073 671 3152 explicant,
722 3069 924 3149 Apoc.
967 3089 1060 3132 ιιι
1107 3074 1168 3132 3.
1409 3071 1525 3129 sed
1585 3079 1802 3130 tamen
1859 3073 2075 3150 aliqua
2119 3097 2197 3134 eo
2242 3080 2451 3156 perti-3

254 3156 604 3235 Prophetia
638 3154 1023 3216 Hellenistis
1058 3164 1337 3215 vocatur
1408 3156 1676 3230 nentia,
1721 3175 1759 3214 2
1802 3156 1971 3214 Tim.
2016 3160 2073 3216 3:
2124 3159 2219 3216 16.
2286 3162 2447 3220 Pro-

242 3296 260 3309 „
296 3242 656 3301 consolatio
680 3287 701 3320 ,
738 3242 889 3304 Act.
921 3252 985 3311 4:
1025 3240 1130 3301 36.
1202 3240 1335 3298 Cur
1406 3239 1683 3319 pheticis
1729 3240 1803 3298 in
1851 3242 2252 3301 sermonibus
2301 3243 2443 3303 cuin

299 3326 553 3387 dicatur
625 3325 998 3401 divinatio,
1075 3344 1100 3383 ι
1181 3325 1334 3384 Cor.
1405 3324 1643 3384 futuris
1669 3325 2024 3405 praeterita
2047 3327 2237 3387 simul
2256 3349 2445 3409 saepe

303 3423 399 3481 14:
455 3423 511 3471 ι.
596 3409 913 3471 Hebraeis
976 3408 1162 3478 stilla,
1231 3410 1330 3468 di·
1408 3408 1843 3485 exhibentur,
1890 3412 2092 3489 Apoc.
2135 3431 2230 3491 17:
2277 3435 2339 3492 9.

273 3495 470 3555 ‘citur
497 3495 766 3574 ,·Hebr.
808 3495 868 3555 6:
914 3512 975 3574 7.
1060 3493 1194 3553 Cur
1249 3494 1332 3552 li·
1365 3494 1897 3575 Propitiatorium
1935 3496 2005 3553 in
2032 3495 2257 3557 Veteri
2285 3499 2448 3557 Tes-

293 3578 414 3639 ber
456 3582 744 3661 signatus
786 3599 976 3658 saepe
1016 3588 1330 3655 vocetur,
1404 3579 1678 3662 tumenti
1749 3580 2117 3659 symbolum
2158 3582 2442 3642 Divinae

293 3664 532 3724 Matth.
560 3669 656 3726 13:
689 3683 787 3723 ιο.
851 3663 957 3725 Ad
991 3663 1146 3742 quid
1180 3663 1330 3744 pro·
1406 3664 1934 3738 misericordiae,
1958 3664 2311 3745 Matth.27:
2341 3669 2447 3728 51.

295 3748 420 3822 sit,
471 3765 496 3807 1
543 3748 697 3808 Cor.
741 3760 836 3819 14:
877 3752 939 3812 3.
1010 3748 1145 3809 Cur
1186 3767 1333 3807 cae-
1405 3747 1708 3808 Vitulino
1732 3756 1801 3806 et
1822 3745 2088 3808 hircino
2127 3751 2442 3831 sanguine

291 3832 454 3891 teris
486 3833 675 3893 donis
701 3832 1141 3912 praeferatur,
1165 3832 1332 3891 ibid.
1406 3831 1912 3912 adspergebatur
1935 3877 1955 3907 ,
2023 3831 2223 3894 Hebr.
2270 3857 2328 3914 9:
2383 3857 2443 3910 7.

296 3915 446 3976 Non
501 3926 603 3977 est
658 3916 961 3997 propriae
1007 3919 1330 3997 interpre-
1403 3915 1778 3976 Vocabatur
1820 3916 1893 3976 in
1940 3914 2165 3977 Veteri
2214 3920 2447 3979 Testa-

265 4003 602 4078 ¹tationis,
656 4021 681 4061 ι
731 4000 883 4064 Cor.
927 4021 985 4062 2:
1035 4006 1133 4064 13.
1199 4002 1328 4090 βω
1404 4010 1622 4061 mento
1660 3999 1958 4061 Christus
1993 4011 2062 4062 et
2083 4024 2230 4081 cur,
2258 4004 2443 4065 Rom.

293 4089 505 4146 nostri
567 4087 840 4167 impetus
902 4106 1035 4146 nou
1095 4094 1235 4161 est,
1291 4105 1330 4147 2
1405 4089 1462 4148 3;
1513 4088 1616 4145 25.

291 4169 465 4231 Petr.
509 4192 568 4233 ιε
614 4190 716 4231 2ο.
781 4169 1167 4251 Prophetiae
1213 4171 1323 4230 do·
1362 4171 1667 4230 Prosecta
1712 4170 1822 4232 vel
1870 4168 2200 4233 Prosiciae
2246 4195 2448 4235 voca-

293 4275 444 4314 num
465 4259 722 4337 quidam
739 4254 1038 4315 habuisse
1059 4264 1327 4336 possunt
1400 4256 1641 4316 bantur
1681 4277 1828 4335 pers
1867 4264 2162 4319 extorum
2190 4261 2444 4336 quaein

290 4348 356 4397 et
387 4345 602 4404 tamen
638 4342 942 4424 pietatem
967 4349 1031 4399 et
1056 4338 1324 4399 salutem
1401 4362 1580 4400 aram
1645 4341 1755 4400 vel
1823 4339 2046 4401 focum
2115 4345 2393 4415 dabatur
2421 4388 2442 4418 ,

289 4425 621 4506 amittere,
669 4446 702 4493 ι,7
739 4427 888 4487 Cor.
921 4430 1013 4489 13:
1044 4446 1102 4491 2.
1166 4423 1322 4485 Pro·
1402 4422 1699 4572 Aegizifi:
1748 4444 1847 4488 2ο.
2152 4497 2158 4506 ,
2273 4512 2320 4569 P

2330 4531 2437 4567 ro-

1424 877 1571 932 Act.
1595 878 1690 933 13:
1721 893 1776 932 1.
1821 876 2183 947 Quodolim
2206 904 2455 959 rarum,
2544 892 2563 901 ⁸
